1848 3081
902 142 961 186 30

418 257 475 303 ib.
499 259 557 303 36
569 272 631 315 sq.
670 261 840 299 Insulsae
857 259 1061 297 admodum
1077 263 1194 307 atque
1207 260 1446 299 invenustate
1459 259 1620 308 [plenae]

816 320 905 358 Sine
931 320 1116 362 munditie
1141 323 1181 357 et
1206 324 1360 367 sumptu

419 379 475 424 ib.
498 380 556 423 42
570 392 633 436 sq.
672 382 847 426 Quiesce.
873 380 975 428 Ergo
990 390 1073 418 amo
1086 383 1143 418 te:
1157 379 1225 418 sed
1236 379 1309 418 hoo
1323 392 1424 419 nuno
1436 380 1621 428 responde

669 442 761 479 Mihi
779 444 878 487 sunt,
898 440 963 477 hio
979 441 1161 487 omnia(!)‚
1179 451 1276 487 quae
1293 441 1342 477 ad
1360 441 1472 479 deum
1490 451 1621 488 paoem

1253 503 1404 547 oportet

814 548 975 586 Adesse.
1007 548 1208 585 Accuravi.

230 631 411 675 quorum
457 618 649 662 locorum
689 618 741 661 de
781 617 966 661 secundo
1006 617 1059 661 of.
1092 616 1145 660 II.
1176 619 1218 661 2.
1250 618 1301 673 2,
1349 617 1539 674 primum
1580 620 1623 661 et

229 694 430 747 quartum
462 690 618 734 Vetere
651 690 758 734 duce
792 691 853 734 sio
883 690 1087 745 legendos
1119 703 1291 734 censeo:

325 767 359 804 N
361 778 405 803 eo
419 770 561 803 mutam
575 765 746 813 profecto
759 769 945 812 repertam
958 766 1072 803 ullam
1086 777 1168 803 esse
1183 766 1235 811 (b.
1245 766 1336 803 dim.
1345 766 1464 802 cumi.
1475 766 1561 812 trip.
1571 768 1621 811 e.)

276 827 475 873 Ho[oe]die
500 827 695 864 mulierem
721 826 855 863 dicunt
879 826 956 863 ullo
982 826 1020 862 in
1046 826 1172 862 saeclo

977 874 1054 919 (B.:
1083 874 1206 912 Hodie
1231 874 1269 911 d.
1287 874 1388 920 mul„
1413 874 1451 911 b.
1468 875 1571 918 tetr.)

280 934 295 981 ΙΙ
327 934 489 978 Quiesoo
515 945 617 982 ergo.
661 934 760 971 Amo
785 937 824 971 te
851 934 902 980 (b.
920 933 1044 979 dim.):

326 994 401 1031 Sed
425 994 498 1031 hoo
523 1006 623 1031 nuno
649 994 835 1040 responde
861 993 970 1030 mihi:
1001 994 1018 1041 ΙΙ
1047 995 1084 1038 (i.
1107 994 1197 1030 dim.
1215 997 1288 1039 ac.)

448 1054 546 1091 Sunt
568 1054 630 1091 hio
656 1054 792 1100 omnia,
819 1064 916 1100 quae
941 1053 990 1090 ad
1015 1053 1127 1090 deum
1145 1064 1278 1100 paoem
1305 1055 1429 1100 (anap.
1444 1054 1534 1091 dim.
1548 1056 1620 1100 ao.)

373 1115 530 1162 Oportet
554 1115 699 1152 adesse.
741 1113 875 1151 Omnia
899 1114 1087 1151 accuravi.
1113 1113 1132 1162 Η
1160 1114 1211 1160 (b.
1226 1114 1415 1152 dim.eum
1429 1116 1454 1153 i.
1468 1116 1556 1163 trip.
1571 1117 1619 1161 o.)

228 1184 362 1228 Tertii
393 1183 478 1227 loci
498 1197 649 1227 versus
682 1183 894 1227 secundus
924 1182 1068 1240 potius
1096 1183 1232 1228 troch.
1253 1183 1442 1242 tripodia
1470 1198 1519 1229 ao
1540 1188 1620 1241 est,

228 1264 290 1307 sio
321 1267 371 1306 ut
401 1261 528 1306 Most.
557 1264 656 1306 129.

678 1313 741 1349 Ad
766 1312 954 1359 legionem
981 1323 1095 1358 quom
1119 1313 1207 1359 itur,

227 1403 355 1446 quem
377 1402 551 1432 versum
571 1387 621 1431 R.
645 1387 791 1431 bacch.
816 1387 1048 1430 dimetrum
1078 1401 1171 1431 esse
1193 1387 1342 1431 voluit.
1387 1387 1469 1440 Qui
1493 1402 1618 1446 prae-

225 1471 346 1511 terea
378 1467 493 1524 apud
524 1466 638 1510 huno
662 1466 940 1510 inveniuntur
962 1466 1104 1510 vitiosi
1126 1466 1253 1511 huius
1276 1467 1445 1522 generis
1469 1480 1618 1511 versus

227 1560 376 1590 eorum
408 1559 542 1589 unum
575 1545 694 1589 Trin.
719 1546 822 1589 262.

703 1616 832 1662 Ipsum
858 1626 881 1652 a
905 1618 981 1663 tuo
998 1619 1154 1653 oontutu

226 1686 313 1729 iam
337 1700 468 1743 supra
485 1684 618 1740 (of.II.
633 1687 671 1728 1.
682 1685 727 1740 4)
745 1684 1020 1729 removimus.
1053 1685 1150 1729 Duo
1167 1688 1333 1730 restant
1348 1684 1502 1730 Pseud.
1512 1687 1616 1729 500.

639 1762 816 1809 Magnum
842 1760 915 1798 hoo
941 1761 1075 1798 vitium
1101 1761 1229 1799 vinost

226 1822 268 1863 et
301 1817 419 1861 Trin.
445 1819 547 1862 241.
642 1821 810 1858 Gelatum
836 1821 1048 1868 indagator,

226 1910 408 1954 quorum
439 1896 632 1941 locorum
663 1895 786 1939 illum
818 1909 915 1939 cum
947 1895 1103 1940 Vetere
1135 1898 1196 1941 sio
1228 1897 1388 1942 scribo:

321 1973 493 2019 Pergitin
517 1972 703 2018 pergere?
729 1972 776 2007 ah
802 1972 1046 2008 serviundum
1073 1972 1164 2008 mihi
1190 1974 1256 2016 (or.
1275 1973 1376 2017 tetr.)

370 2032 541 2069 Hodiest.
569 2043 746 2078 magnum
772 2031 844 2068 hoo
869 2032 1004 2068 vitium
1029 2032 1167 2069 vinost.
1194 2028 1329 2077 (troch.
1347 2032 1437 2068 dim.
1453 2034 1527 2075 ao.)

225 2098 366 2143 Huius
397 2099 503 2156 loci,
536 2104 584 2144 ut
614 2100 714 2144 inde
746 2114 772 2143 a
793 2113 922 2144 versu
950 2101 1039 2145 239
1072 2115 1098 2145 a
1124 2100 1173 2146 R.
1208 2105 1251 2146 et
1280 2100 1346 2145 Fl.
1369 2099 1615 2156 Hermanno

225 2179 332 2223 duee
365 2179 504 2223 editus
538 2183 617 2235 est,
656 2180 785 2223 etiam
817 2194 990 2224 versum
1022 2181 1256 2225 secundum
1287 2180 1490 2225 vitiosum
1522 2193 1615 2224 esse

225 2271 358 2315 supra
379 2258 567 2302 vidimus
599 2259 653 2302 ef.
685 2258 717 2302 Ι.
743 2261 784 2304 2.
817 2259 870 2303 ΙΙ.
897 2263 935 2304 1.
963 2263 1001 2304 1.
1044 2260 1193 2316 Neque
1224 2259 1379 2303 melius
1411 2273 1456 2303 se
1486 2259 1615 2304 habet

223 2337 351 2380 huius
382 2337 466 2380 loci
498 2337 744 2395 descriptio,
777 2352 904 2394 quam
926 2339 975 2382 R.
1008 2341 1233 2396 praeterea
1263 2339 1309 2381 in
1341 2338 1613 2381 adnotatione

221 2416 470 2473 proposuit:

271 2491 664 2539 Blandiloquentulus‚
692 2494 865 2540 mendax,
891 2505 1045 2540 euppes,
1072 2492 1312 2541 despoliator‚
1338 2493 1515 2540 harpago,

270 2552 629 2591 Latebrioolalarum
655 2553 849 2591 hominum
875 2557 1121 2602 eorrumptor‚
1149 2555 1310 2592 celatum
1327 2553 1527 2601 indagator
1543 2555 1612 2600 est,
