<?xml version="1.0" encoding="UTF-8"?>
<!DOCTYPE html PUBLIC "-//W3C//DTD XHTML 1.0 Transitional//EN"
    "http://www.w3.org/TR/xhtml1/DTD/xhtml1-transitional.dtd">
<html xmlns="http://www.w3.org/1999/xhtml" xml:lang="en" lang="en">
 <head>
  <title>
</title>
<meta http-equiv="Content-Type" content="text/html;charset=utf-8" />
  <meta name='ocr-system' content='tesseract 3.04.00' />
  <meta name='ocr-capabilities' content='ocr_page ocr_carea ocr_par ocr_line ocrx_word'/>
</head>
<body>
  <div class='ocr_page' id='page_1' title='image "4737199_0014.png"; bbox 0 0 1848 3081; ppageno 0'>
   <div class='ocr_carea' id='block_1_1' title="bbox 931 156 960 198">
    <p class='ocr_par' dir='ltr' id='par_1_1' title="bbox 931 156 960 198">
     <span class='ocr_line' id='line_1_1' title="bbox 931 156 960 198; baseline 0 0"><span class='ocrx_word' id='word_1_1' title='bbox 931 156 960 198; x_wconf 88' lang='lat'>8</span> 
     </span>
    </p>
   </div>
   <div class='ocr_carea' id='block_1_2' title="bbox 846 215 1061 221">
    <p class='ocr_par' dir='ltr' id='par_1_2' title="bbox 846 215 1061 221">
     <span class='ocr_line' id='line_1_2' title="bbox 846 215 1061 221; baseline 0 0"><span class='ocrx_word' id='word_1_2' title='bbox 846 215 1061 221; x_wconf 95' lang='lat' dir='ltr'><strong> </strong></span> 
     </span>
    </p>
   </div>
   <div class='ocr_carea' id='block_1_3' title="bbox 257 274 1654 1278">
    <p class='ocr_par' dir='ltr' id='par_1_3' title="bbox 257 274 1654 1278">
     <span class='ocr_line' id='line_1_3' title="bbox 354 274 1650 335; baseline -0.001 -14"><span class='ocrx_word' id='word_1_3' title='bbox 354 279 396 321; x_wconf 83' lang='lat'><strong>2.</strong></span> <span class='ocrx_word' id='word_1_4' title='bbox 435 275 545 320; x_wconf 86' lang='lat' dir='ltr'><strong>Cum</strong></span> <span class='ocrx_word' id='word_1_5' title='bbox 576 289 705 334; x_wconf 89' lang='lat' dir='ltr'><strong>porro</strong></span> <span class='ocrx_word' id='word_1_6' title='bbox 737 275 837 334; x_wconf 89' lang='lat' dir='ltr'><strong>puri</strong></span> <span class='ocrx_word' id='word_1_7' title='bbox 868 274 1035 320; x_wconf 81' lang='lat' dir='ltr'><strong>bacchii</strong></span> <span class='ocrx_word' id='word_1_8' title='bbox 1065 275 1170 320; x_wconf 85' lang='lat' dir='ltr'><strong>haec</strong></span> <span class='ocrx_word' id='word_1_9' title='bbox 1192 276 1249 321; x_wconf 91' lang='lat' dir='ltr'><strong>sit</strong></span> <span class='ocrx_word' id='word_1_10' title='bbox 1269 277 1450 335; x_wconf 83' lang='lat' dir='ltr'><strong>species,</strong></span> <span class='ocrx_word' id='word_1_11' title='bbox 1481 280 1530 321; x_wconf 91' lang='lat' dir='ltr'><strong>ut</strong></span> <span class='ocrx_word' id='word_1_12' title='bbox 1553 277 1650 321; x_wconf 85' lang='lat' dir='ltr'><strong>bre-</strong></span> 
     </span>
     <span class='ocr_line' id='line_1_4' title="bbox 259 354 1650 413; baseline 0 -14"><span class='ocrx_word' id='word_1_13' title='bbox 259 368 355 399; x_wconf 85' lang='lat' dir='ltr'><strong>vem</strong></span> <span class='ocrx_word' id='word_1_14' title='bbox 391 355 602 413; x_wconf 83' lang='lat' dir='ltr'><strong>syllabam</strong></span> <span class='ocrx_word' id='word_1_15' title='bbox 633 355 743 399; x_wconf 83' lang='lat' dir='ltr'><strong>duae</strong></span> <span class='ocrx_word' id='word_1_16' title='bbox 776 357 1010 412; x_wconf 84' lang='lat' dir='ltr'><strong>sequantur</strong></span> <span class='ocrx_word' id='word_1_17' title='bbox 1030 354 1198 411; x_wconf 84' lang='lat' dir='ltr'><strong>longae,</strong></span> <span class='ocrx_word' id='word_1_18' title='bbox 1230 358 1279 399; x_wconf 88' lang='lat' dir='ltr'><strong>ut</strong></span> <span class='ocrx_word' id='word_1_19' title='bbox 1303 369 1387 413; x_wconf 75' lang='lat' dir='ltr'><strong>vpro</strong></span> <span class='ocrx_word' id='word_1_20' title='bbox 1418 355 1540 400; x_wconf 89' lang='lat' dir='ltr'><strong>brevi</strong></span> <span class='ocrx_word' id='word_1_21' title='bbox 1564 354 1650 413; x_wconf 79' lang='lat' dir='ltr'><strong>syl-</strong></span> 
     </span>
     <span class='ocr_line' id='line_1_5' title="bbox 259 433 1650 490; baseline 0.001 -13"><span class='ocrx_word' id='word_1_22' title='bbox 259 434 359 478; x_wconf 83' lang='lat' dir='ltr'><strong>laba</strong></span> <span class='ocrx_word' id='word_1_23' title='bbox 390 433 588 478; x_wconf 89' lang='lat' dir='ltr'><strong>omnibus</strong></span> <span class='ocrx_word' id='word_1_24' title='bbox 619 433 725 477; x_wconf 85' lang='lat' dir='ltr'><strong>locis</strong></span> <span class='ocrx_word' id='word_1_25' title='bbox 756 436 930 490; x_wconf 86' lang='lat' dir='ltr'><strong>praeter</strong></span> <span class='ocrx_word' id='word_1_26' title='bbox 951 447 1040 490; x_wconf 86' lang='lat' dir='ltr'><strong>eos,</strong></span> <span class='ocrx_word' id='word_1_27' title='bbox 1073 434 1125 478; x_wconf 89' lang='lat' dir='ltr'><strong>de</strong></span> <span class='ocrx_word' id='word_1_28' title='bbox 1146 433 1300 490; x_wconf 71' lang='lat' dir='ltr'><strong>quibus</strong></span> <span class='ocrx_word' id='word_1_29' title='bbox 1331 434 1446 490; x_wconf 84' lang='lat' dir='ltr'><strong>infra</strong></span> <span class='ocrx_word' id='word_1_30' title='bbox 1470 433 1650 490; x_wconf 83' lang='lat' dir='ltr'><strong>dicetur,</strong></span> 
     </span>
     <span class='ocr_line' id='line_1_6' title="bbox 257 498 1652 571; baseline 0.001 -15"><span class='ocrx_word' id='word_1_31' title='bbox 257 512 389 569; x_wconf 82' lang='lat' dir='ltr'><strong>longa</strong></span> <span class='ocrx_word' id='word_1_32' title='bbox 426 512 629 558; x_wconf 88' lang='lat' dir='ltr'><strong>substitui</strong></span> <span class='ocrx_word' id='word_1_33' title='bbox 668 515 833 571; x_wconf 86' lang='lat' dir='ltr'><strong>potest,</strong></span> <span class='ocrx_word' id='word_1_34' title='bbox 866 498 934 556; x_wconf 27' lang='lat' dir='ltr'><strong>&#39;ita</strong></span> <span class='ocrx_word' id='word_1_35' title='bbox 972 515 1017 557; x_wconf 89' lang='lat' dir='ltr'><strong>et</strong></span> <span class='ocrx_word' id='word_1_36' title='bbox 1054 512 1159 557; x_wconf 88' lang='lat' dir='ltr'><strong>haec</strong></span> <span class='ocrx_word' id='word_1_37' title='bbox 1199 516 1244 557; x_wconf 90' lang='lat' dir='ltr'><strong>et</strong></span> <span class='ocrx_word' id='word_1_38' title='bbox 1272 526 1383 570; x_wconf 81' lang='lat' dir='ltr'><strong>quae</strong></span> <span class='ocrx_word' id='word_1_39' title='bbox 1413 516 1652 571; x_wconf 81' lang='lat' dir='ltr'><strong>sequuntur</strong></span> 
     </span>
     <span class='ocr_line' id='line_1_7' title="bbox 258 590 1649 649; baseline 0.001 -14"><span class='ocrx_word' id='word_1_40' title='bbox 258 591 413 648; x_wconf 84' lang='lat' dir='ltr'><strong>longae</strong></span> <span class='ocrx_word' id='word_1_41' title='bbox 444 592 490 635; x_wconf 91' lang='lat' dir='ltr'><strong>in</strong></span> <span class='ocrx_word' id='word_1_42' title='bbox 521 592 646 636; x_wconf 87' lang='lat' dir='ltr'><strong>binas</strong></span> <span class='ocrx_word' id='word_1_43' title='bbox 677 592 828 636; x_wconf 85' lang='lat' dir='ltr'><strong>breves</strong></span> <span class='ocrx_word' id='word_1_44' title='bbox 861 590 968 635; x_wconf 87' lang='lat' dir='ltr'><strong>solvi</strong></span> <span class='ocrx_word' id='word_1_45' title='bbox 1001 594 1194 649; x_wconf 79' lang='lat' dir='ltr'><strong>possunt.</strong></span> <span class='ocrx_word' id='word_1_46' title='bbox 1235 590 1397 644; x_wconf 82' lang='lat' dir='ltr'>Quodsi</span> <span class='ocrx_word' id='word_1_47' title='bbox 1419 591 1528 637; x_wconf 79' lang='lat' dir='ltr'><strong>duae</strong></span> <span class='ocrx_word' id='word_1_48' title='bbox 1547 605 1649 637; x_wconf 84' lang='lat' dir='ltr'><strong>con-</strong></span> 
     </span>
     <span class='ocr_line' id='line_1_8' title="bbox 259 657 1652 728; baseline 0.001 -14"><span class='ocrx_word' id='word_1_49' title='bbox 259 671 405 726; x_wconf 83' lang='lat' dir='ltr'><strong>tiguae</strong></span> <span class='ocrx_word' id='word_1_50' title='bbox 437 669 676 726; x_wconf 81' lang='lat' dir='ltr'><strong>solvuntur,</strong></span> <span class='ocrx_word' id='word_1_51' title='bbox 706 669 1080 728; x_wconf 75' lang='lat' dir='ltr'><strong>proceleusmatici</strong></span> <span class='ocrx_word' id='word_1_52' title='bbox 1111 671 1327 727; x_wconf 84' lang='lat' dir='ltr'><strong>existunt,</strong></span> <span class='ocrx_word' id='word_1_53' title='bbox 1364 684 1546 727; x_wconf 89' lang='lat' dir='ltr'><strong>quorum</strong></span> <span class='ocrx_word' id='word_1_54' title='bbox 1570 657 1652 728; x_wconf 66' lang='lat' dir='ltr'><strong>⁴qui</strong></span> 
     </span>
     <span class='ocr_line' id='line_1_9' title="bbox 260 748 1651 806; baseline 0 -14"><span class='ocrx_word' id='word_1_55' title='bbox 260 749 444 792; x_wconf 90' lang='lat' dir='ltr'><strong>duarum</strong></span> <span class='ocrx_word' id='word_1_56' title='bbox 474 749 671 806; x_wconf 86' lang='lat' dir='ltr'><strong>priorum</strong></span> <span class='ocrx_word' id='word_1_57' title='bbox 700 748 867 793; x_wconf 84' lang='lat' dir='ltr'><strong>bacchii</strong></span> <span class='ocrx_word' id='word_1_58' title='bbox 896 748 1156 805; x_wconf 83' lang='lat' dir='ltr'><strong>syllabarum</strong></span> <span class='ocrx_word' id='word_1_59' title='bbox 1180 748 1393 794; x_wconf 79' lang='lat' dir='ltr'><strong>solutione</strong></span> <span class='ocrx_word' id='word_1_60' title='bbox 1408 749 1515 794; x_wconf 70' lang='lat' dir='ltr'><strong>faeti</strong></span> <span class='ocrx_word' id='word_1_61' title='bbox 1537 752 1651 805; x_wconf 78' lang='lat' dir='ltr'><strong>sunt,</strong></span> 
     </span>
     <span class='ocr_line' id='line_1_10' title="bbox 260 825 1653 885; baseline 0 -14"><span class='ocrx_word' id='word_1_62' title='bbox 260 840 523 884; x_wconf 88' lang='lat' dir='ltr'><strong>quamquam</strong></span> <span class='ocrx_word' id='word_1_63' title='bbox 552 826 718 871; x_wconf 86' lang='lat' dir='ltr'><strong>nullam</strong></span> <span class='ocrx_word' id='word_1_64' title='bbox 748 826 906 872; x_wconf 86' lang='lat' dir='ltr'><strong>habere</strong></span> <span class='ocrx_word' id='word_1_65' title='bbox 937 825 1216 872; x_wconf 87' lang='lat' dir='ltr'><strong>offensionem</strong></span> <span class='ocrx_word' id='word_1_66' title='bbox 1244 831 1365 885; x_wconf 81' lang='lat' dir='ltr'><strong>patet</strong></span> <span class='ocrx_word' id='word_1_67' title='bbox 1385 851 1443 857; x_wconf 93' lang='lat'>—</span> <span class='ocrx_word' id='word_1_68' title='bbox 1467 831 1653 884; x_wconf 83' lang='lat' dir='ltr'><strong>aequant</strong></span> 
     </span>
     <span class='ocr_line' id='line_1_11' title="bbox 261 905 1652 964; baseline 0 -14"><span class='ocrx_word' id='word_1_69' title='bbox 261 906 377 950; x_wconf 87' lang='lat' dir='ltr'><strong>enim</strong></span> <span class='ocrx_word' id='word_1_70' title='bbox 410 905 623 963; x_wconf 87' lang='lat' dir='ltr'><strong>spondeos</strong></span> <span class='ocrx_word' id='word_1_71' title='bbox 655 918 734 962; x_wconf 92' lang='lat' dir='ltr'><strong>pro</strong></span> <span class='ocrx_word' id='word_1_72' title='bbox 766 905 922 951; x_wconf 85' lang='lat' dir='ltr'><strong>iambis</strong></span> <span class='ocrx_word' id='word_1_73' title='bbox 952 906 1117 964; x_wconf 88' lang='lat' dir='ltr'><strong>positos</strong></span> <span class='ocrx_word' id='word_1_74' title='bbox 1140 920 1224 963; x_wconf 81' lang='lat'><strong>·—,</strong></span> <span class='ocrx_word' id='word_1_75' title='bbox 1255 909 1401 950; x_wconf 81' lang='lat' dir='ltr'><strong>tamen</strong></span> <span class='ocrx_word' id='word_1_76' title='bbox 1432 906 1652 950; x_wconf 80' lang='lat' dir='ltr'><strong>rarissime</strong></span> 
     </span>
     <span class='ocr_line' id='line_1_12' title="bbox 261 983 1651 1042; baseline 0 -15"><span class='ocrx_word' id='word_1_77' title='bbox 261 997 288 1027; x_wconf 88' lang='lat' dir='ltr'><strong>a</strong></span> <span class='ocrx_word' id='word_1_78' title='bbox 318 983 472 1028; x_wconf 87' lang='lat' dir='ltr'><strong>Plauto</strong></span> <span class='ocrx_word' id='word_1_79' title='bbox 504 983 805 1027; x_wconf 88' lang='lat' dir='ltr'><strong>admittuntur.</strong></span> <span class='ocrx_word' id='word_1_80' title='bbox 869 983 1052 1028; x_wconf 85' lang='lat' dir='ltr'><strong>Prorsus</strong></span> <span class='ocrx_word' id='word_1_81' title='bbox 1092 984 1299 1029; x_wconf 79' lang='lat' dir='ltr'><strong>abstinuit</strong></span> <span class='ocrx_word' id='word_1_82' title='bbox 1335 984 1651 1042; x_wconf 80' lang='lat' dir='ltr'><strong>proceleusma-</strong></span> 
     </span>
     <span class='ocr_line' id='line_1_13' title="bbox 260 1062 1652 1120; baseline 0 -14"><span class='ocrx_word' id='word_1_83' title='bbox 260 1063 374 1119; x_wconf 86' lang='lat' dir='ltr'><strong>ticis,</strong></span> <span class='ocrx_word' id='word_1_84' title='bbox 407 1063 482 1119; x_wconf 93' lang='lat' dir='ltr'><strong>qui</strong></span> <span class='ocrx_word' id='word_1_85' title='bbox 512 1062 802 1120; x_wconf 86' lang='lat' dir='ltr'><strong>posteriorum</strong></span> <span class='ocrx_word' id='word_1_86' title='bbox 834 1062 1016 1106; x_wconf 81' lang='lat' dir='ltr'><strong>duarum</strong></span> <span class='ocrx_word' id='word_1_87' title='bbox 1049 1063 1212 1107; x_wconf 84' lang='lat' dir='ltr'><strong>bacchii</strong></span> <span class='ocrx_word' id='word_1_88' title='bbox 1245 1062 1507 1120; x_wconf 83' lang='lat' dir='ltr'><strong>syllabarum</strong></span> <span class='ocrx_word' id='word_1_89' title='bbox 1537 1062 1652 1106; x_wconf 87' lang='lat' dir='ltr'><strong>solu-</strong></span> 
     </span>
     <span class='ocr_line' id='line_1_14' title="bbox 260 1140 1652 1200; baseline 0.003 -16"><span class='ocrx_word' id='word_1_90' title='bbox 260 1142 377 1185; x_wconf 85' lang='lat' dir='ltr'><strong>tione</strong></span> <span class='ocrx_word' id='word_1_91' title='bbox 410 1140 677 1194; x_wconf 83' lang='lat' dir='ltr'><strong>efficiuntur3</strong></span> <span class='ocrx_word' id='word_1_92' title='bbox 708 1154 810 1185; x_wconf 89' lang='lat' dir='ltr'><strong>nam</strong></span> <span class='ocrx_word' id='word_1_93' title='bbox 842 1154 951 1198; x_wconf 87' lang='lat' dir='ltr'><strong>quae</strong></span> <span class='ocrx_word' id='word_1_94' title='bbox 983 1154 1132 1185; x_wconf 89' lang='lat' dir='ltr'><strong>eorum</strong></span> <span class='ocrx_word' id='word_1_95' title='bbox 1163 1141 1209 1185; x_wconf 91' lang='lat' dir='ltr'><strong>in</strong></span> <span class='ocrx_word' id='word_1_96' title='bbox 1233 1140 1478 1200; x_wconf 79' lang='lat' dir='ltr'><strong>novissimis</strong></span> <span class='ocrx_word' id='word_1_97' title='bbox 1500 1140 1652 1188; x_wconf 82' lang='lat' dir='ltr'><strong>editio-</strong></span> 
     </span>
     <span class='ocr_line' id='line_1_15' title="bbox 260 1220 1654 1278; baseline 0 -14"><span class='ocrx_word' id='word_1_98' title='bbox 260 1220 386 1264; x_wconf 90' lang='lat' dir='ltr'><strong>nibus</strong></span> <span class='ocrx_word' id='word_1_99' title='bbox 419 1220 698 1264; x_wconf 86' lang='lat' dir='ltr'><strong>inveniuntur</strong></span> <span class='ocrx_word' id='word_1_100' title='bbox 719 1220 933 1277; x_wconf 85' lang='lat' dir='ltr'><strong>exempla,</strong></span> <span class='ocrx_word' id='word_1_101' title='bbox 966 1220 1110 1263; x_wconf 86' lang='lat' dir='ltr'><strong>omnia</strong></span> <span class='ocrx_word' id='word_1_102' title='bbox 1140 1221 1258 1278; x_wconf 88' lang='lat' dir='ltr'><strong>ipsos</strong></span> <span class='ocrx_word' id='word_1_103' title='bbox 1290 1220 1474 1264; x_wconf 79' lang='lat' dir='ltr'><strong>editores</strong></span> <span class='ocrx_word' id='word_1_104' title='bbox 1494 1220 1654 1268; x_wconf 82' lang='lat' dir='ltr'><strong>habent</strong></span> 
     </span>
    </p>
   </div>
   <div class='ocr_carea' id='block_1_4' title="bbox 261 1296 1652 1356">
    <p class='ocr_par' dir='ltr' id='par_1_4' title="bbox 261 1296 1652 1356">
     <span class='ocr_line' id='line_1_16' title="bbox 261 1296 1652 1356; baseline 0 -13"><span class='ocrx_word' id='word_1_105' title='bbox 261 1303 472 1343; x_wconf 81' lang='lat' dir='ltr'><strong>auctores.</strong></span> <span class='ocrx_word' id='word_1_106' title='bbox 524 1297 585 1342; x_wconf 89' lang='lat' dir='ltr'><strong>Ut</strong></span> <span class='ocrx_word' id='word_1_107' title='bbox 615 1298 685 1343; x_wconf 88' lang='lat' dir='ltr'><strong>hic</strong></span> <span class='ocrx_word' id='word_1_108' title='bbox 715 1298 861 1342; x_wconf 85' lang='lat' dir='ltr'><strong>bacch.</strong></span> <span class='ocrx_word' id='word_1_109' title='bbox 893 1298 1076 1343; x_wconf 88' lang='lat' dir='ltr'><strong>dimeter</strong></span> <span class='ocrx_word' id='word_1_110' title='bbox 1106 1302 1206 1355; x_wconf 74' lang='lat' dir='ltr'><strong>cat,</strong></span> <span class='ocrx_word' id='word_1_111' title='bbox 1238 1312 1365 1356; x_wconf 87' lang='lat' dir='ltr'><strong>quem</strong></span> <span class='ocrx_word' id='word_1_112' title='bbox 1395 1296 1652 1344; x_wconf 81' lang='lat' dir='ltr'><strong>Ritschelius</strong></span> 
     </span>
    </p>
   </div>
   <div class='ocr_carea' id='block_1_5' title="bbox 262 1376 1200 1480">
    <p class='ocr_par' dir='ltr' id='par_1_5' title="bbox 262 1376 1200 1480">
     <span class='ocr_line' id='line_1_17' title="bbox 262 1376 701 1421; baseline -0.002 -1"><span class='ocrx_word' id='word_1_113' title='bbox 262 1378 381 1421; x_wconf 88' lang='lat' dir='ltr'><strong>Trin.</strong></span> <span class='ocrx_word' id='word_1_114' title='bbox 404 1378 494 1421; x_wconf 83' lang='lat'><strong>235</strong></span> <span class='ocrx_word' id='word_1_115' title='bbox 528 1376 701 1420; x_wconf 86' lang='lat' dir='ltr'><strong>statuit:</strong></span> 
     </span>
     <span class='ocr_line' id='line_1_18' title="bbox 728 1432 1200 1480; baseline 0.002 -11"><span class='ocrx_word' id='word_1_116' title='bbox 728 1433 787 1470; x_wconf 82' lang='lat' dir='ltr'><strong>Ita</strong></span> <span class='ocrx_word' id='word_1_117' title='bbox 810 1432 958 1479; x_wconf 77' lang='lat' dir='ltr'><strong>faciam,</strong></span> <span class='ocrx_word' id='word_1_118' title='bbox 985 1433 1039 1470; x_wconf 76' lang='lat' dir='ltr'><strong>ita</strong></span> <span class='ocrx_word' id='word_1_119' title='bbox 1062 1434 1200 1480; x_wconf 83' lang='lat' dir='ltr'><strong>placet.</strong></span> 
     </span>
    </p>
   </div>
   <div class='ocr_carea' id='block_1_6' title="bbox 263 1501 1564 1692">
    <p class='ocr_par' dir='ltr' id='par_1_6' title="bbox 263 1501 1564 1692">
     <span class='ocr_line' id='line_1_19' title="bbox 263 1501 1346 1560; baseline -0.002 -13"><span class='ocrx_word' id='word_1_120' title='bbox 263 1503 337 1560; x_wconf 90' lang='lat' dir='ltr'><strong>qui</strong></span> <span class='ocrx_word' id='word_1_121' title='bbox 368 1503 488 1547; x_wconf 87' lang='lat' dir='ltr'><strong>locus</strong></span> <span class='ocrx_word' id='word_1_122' title='bbox 520 1501 643 1546; x_wconf 90' lang='lat' dir='ltr'><strong>libris</strong></span> <span class='ocrx_word' id='word_1_123' title='bbox 675 1501 854 1546; x_wconf 87' lang='lat' dir='ltr'><strong>ducibus</strong></span> <span class='ocrx_word' id='word_1_124' title='bbox 887 1502 949 1546; x_wconf 90' lang='lat' dir='ltr'><strong>sic</strong></span> <span class='ocrx_word' id='word_1_125' title='bbox 980 1501 1229 1546; x_wconf 85' lang='lat' dir='ltr'><strong>scribendus</strong></span> <span class='ocrx_word' id='word_1_126' title='bbox 1261 1504 1346 1547; x_wconf 87' lang='lat' dir='ltr'><strong>est:</strong></span> 
     </span>
     <span class='ocr_line' id='line_1_20' title="bbox 360 1578 1564 1625; baseline 0 -9"><span class='ocrx_word' id='word_1_127' title='bbox 360 1579 420 1616; x_wconf 83' lang='lat' dir='ltr'><strong>Ita</strong></span> <span class='ocrx_word' id='word_1_128' title='bbox 444 1578 592 1624; x_wconf 76' lang='lat' dir='ltr'><strong>faciam,</strong></span> <span class='ocrx_word' id='word_1_129' title='bbox 618 1578 673 1615; x_wconf 79' lang='lat' dir='ltr'><strong>ita</strong></span> <span class='ocrx_word' id='word_1_130' title='bbox 696 1578 835 1624; x_wconf 77' lang='lat' dir='ltr'><strong>placet,</strong></span> <span class='ocrx_word' id='word_1_131' title='bbox 860 1578 1028 1615; x_wconf 89' lang='lat' dir='ltr'><strong>omnium</strong></span> <span class='ocrx_word' id='word_1_132' title='bbox 1053 1578 1215 1625; x_wconf 83' lang='lat' dir='ltr'><strong>primum</strong></span> <span class='ocrx_word' id='word_1_133' title='bbox 1231 1580 1366 1625; x_wconf 64' lang='grc' dir='ltr'><strong>(ειπερ.</strong></span> <span class='ocrx_word' id='word_1_134' title='bbox 1384 1578 1474 1616; x_wconf 83' lang='lat' dir='ltr'><strong>dim.</strong></span> <span class='ocrx_word' id='word_1_135' title='bbox 1491 1580 1564 1625; x_wconf 84' lang='lat' dir='ltr'><strong>ac.)</strong></span> 
     </span>
     <span class='ocr_line' id='line_1_21' title="bbox 310 1644 1558 1692; baseline -0.001 -9"><span class='ocrx_word' id='word_1_136' title='bbox 310 1645 464 1683; x_wconf 83' lang='lat' dir='ltr'><strong>Amoris</strong></span> <span class='ocrx_word' id='word_1_137' title='bbox 488 1645 581 1681; x_wconf 81' lang='lat' dir='ltr'><strong>artis</strong></span> <span class='ocrx_word' id='word_1_138' title='bbox 606 1645 772 1691; x_wconf 79' lang='lat' dir='ltr'><strong>eloquar,</strong></span> <span class='ocrx_word' id='word_1_139' title='bbox 801 1645 1031 1691; x_wconf 81' lang='lat' dir='ltr'><strong>quem[nam]</strong></span> <span class='ocrx_word' id='word_1_140' title='bbox 1060 1644 1262 1682; x_wconf 83' lang='lat' dir='ltr'><strong>admodum</strong></span> <span class='ocrx_word' id='word_1_141' title='bbox 1287 1655 1329 1682; x_wconf 83' lang='lat' dir='ltr'><strong>se</strong></span> <span class='ocrx_word' id='word_1_142' title='bbox 1354 1645 1558 1692; x_wconf 85' lang='lat' dir='ltr'><strong>expediant</strong></span> 
     </span>
    </p>
   </div>
   <div class='ocr_carea' id='block_1_7' title="bbox 354 1712 1604 1805">
    <p class='ocr_par' dir='ltr' id='par_1_7' title="bbox 354 1712 1604 1805">
     <span class='ocr_line' id='line_1_22' title="bbox 354 1712 1604 1805; baseline -0.002 -1"><span class='ocrx_word' id='word_1_143' title='bbox 354 1761 474 1805; x_wconf 89' lang='lat' dir='ltr'><strong>Idem</strong></span> <span class='ocrx_word' id='word_1_144' title='bbox 506 1761 559 1805; x_wconf 89' lang='lat' dir='ltr'><strong>de</strong></span> <span class='ocrx_word' id='word_1_145' title='bbox 589 1762 658 1805; x_wconf 90' lang='lat' dir='ltr'><strong>his</strong></span> <span class='ocrx_word' id='word_1_146' title='bbox 691 1762 918 1805; x_wconf 88' lang='lat' dir='ltr'><strong>dicendum</strong></span> <span class='ocrx_word' id='word_1_147' title='bbox 951 1765 1038 1805; x_wconf 89' lang='lat' dir='ltr'><strong>est:</strong></span> <span class='ocrx_word' id='word_1_148' title='bbox 1348 1712 1474 1757; x_wconf 73' lang='lat' dir='ltr'><strong>(mmb.</strong></span> <span class='ocrx_word' id='word_1_149' title='bbox 1492 1715 1604 1802; x_wconf 43' lang='lat' dir='ltr'><strong>sect..)</strong></span> 
     </span>
    </p>
   </div>
   <div class='ocr_carea' id='block_1_8' title="bbox 266 1838 1654 1890">
    <p class='ocr_par' dir='ltr' id='par_1_8' title="bbox 266 1838 1654 1890">
     <span class='ocr_line' id='line_1_23' title="bbox 266 1838 1654 1890; baseline -0.001 -6"><span class='ocrx_word' id='word_1_150' title='bbox 266 1840 384 1884; x_wconf 86' lang='lat' dir='ltr'><strong>Trin.</strong></span> <span class='ocrx_word' id='word_1_151' title='bbox 405 1840 508 1884; x_wconf 81' lang='grc'><strong>240.</strong></span> <span class='ocrx_word' id='word_1_152' title='bbox 531 1838 582 1884; x_wconf 91' lang='lat' dir='ltr'><strong>R.</strong></span> <span class='ocrx_word' id='word_1_153' title='bbox 599 1838 663 1883; x_wconf 92' lang='lat' dir='ltr'><strong>Fl.</strong></span> <span class='ocrx_word' id='word_1_154' title='bbox 707 1843 964 1890; x_wconf 83' lang='lat' dir='ltr'><strong>Despoliator,</strong></span> <span class='ocrx_word' id='word_1_155' title='bbox 1004 1842 1307 1881; x_wconf 78' lang='lat' dir='ltr'><strong>latebricolarum</strong></span> <span class='ocrx_word' id='word_1_156' title='bbox 1344 1843 1538 1882; x_wconf 88' lang='lat' dir='ltr'><strong>hominum</strong></span> <span class='ocrx_word' id='word_1_157' title='bbox 1574 1853 1654 1883; x_wconf 81' lang='lat' dir='ltr'><strong>eor-</strong></span> 
     </span>
    </p>
   </div>
   <div class='ocr_carea' id='block_1_9' title="bbox 261 1907 1655 2467">
    <p class='ocr_par' dir='ltr' id='par_1_9' title="bbox 1069 1907 1240 1949">
     <span class='ocr_line' id='line_1_24' title="bbox 1069 1907 1240 1949; baseline 0.006 -10"><span class='ocrx_word' id='word_1_158' title='bbox 1069 1907 1240 1949; x_wconf 84' lang='lat' dir='ltr'><strong>rumptor</strong></span> 
     </span>
    </p>

    <p class='ocr_par' dir='ltr' id='par_1_10' title="bbox 261 1965 1653 2078">
     <span class='ocr_line' id='line_1_25' title="bbox 261 1965 1653 2019; baseline -0.001 -8"><span class='ocrx_word' id='word_1_159' title='bbox 261 1966 323 2011; x_wconf 91' lang='lat' dir='ltr'><strong>Ib.</strong></span> <span class='ocrx_word' id='word_1_160' title='bbox 348 1967 451 2011; x_wconf 84' lang='lat'><strong>257.</strong></span> <span class='ocrx_word' id='word_1_161' title='bbox 473 1965 524 2010; x_wconf 90' lang='lat' dir='ltr'><strong>R.</strong></span> <span class='ocrx_word' id='word_1_162' title='bbox 704 1969 824 2014; x_wconf 83' lang='lat' dir='ltr'><strong>Quom</strong></span> <span class='ocrx_word' id='word_1_163' title='bbox 850 1979 923 2017; x_wconf 84' lang='lat' dir='ltr'><strong>ago</strong></span> <span class='ocrx_word' id='word_1_164' title='bbox 949 1979 1035 2006; x_wconf 88' lang='lat' dir='ltr'><strong>cum</strong></span> <span class='ocrx_word' id='word_1_165' title='bbox 1061 1980 1146 2008; x_wconf 91' lang='lat' dir='ltr'><strong>meo</strong></span> <span class='ocrx_word' id='word_1_166' title='bbox 1171 1970 1297 2008; x_wconf 83' lang='lat' dir='ltr'><strong>animo</strong></span> <span class='ocrx_word' id='word_1_167' title='bbox 1321 1973 1361 2009; x_wconf 79' lang='lat' dir='ltr'><strong>et</strong></span> <span class='ocrx_word' id='word_1_168' title='bbox 1377 1981 1491 2018; x_wconf 91' lang='lat' dir='ltr'><strong>quom</strong></span> <span class='ocrx_word' id='word_1_169' title='bbox 1516 1972 1653 2019; x_wconf 80' lang='lat' dir='ltr'><strong>recolo,</strong></span> 
     </span>
     <span class='ocr_line' id='line_1_26' title="bbox 1069 2030 1340 2078; baseline 0.004 -12"><span class='ocrx_word' id='word_1_170' title='bbox 1069 2030 1137 2066; x_wconf 88' lang='lat' dir='ltr'><strong>ubi</strong></span> <span class='ocrx_word' id='word_1_171' title='bbox 1161 2031 1226 2076; x_wconf 90' lang='lat' dir='ltr'><strong>qui</strong></span> <span class='ocrx_word' id='word_1_172' title='bbox 1251 2034 1340 2078; x_wconf 84' lang='lat' dir='ltr'><strong>eget</strong></span> 
     </span>
    </p>

    <p class='ocr_par' dir='ltr' id='par_1_11' title="bbox 484 2091 1464 2144">
     <span class='ocr_line' id='line_1_27' title="bbox 484 2091 1464 2144; baseline -0.002 -8"><span class='ocrx_word' id='word_1_173' title='bbox 484 2091 549 2136; x_wconf 90' lang='lat' dir='ltr'><strong>Fl.</strong></span> <span class='ocrx_word' id='word_1_174' title='bbox 706 2095 757 2131; x_wconf 82' lang='lat' dir='ltr'><strong>Et</strong></span> <span class='ocrx_word' id='word_1_175' title='bbox 781 2094 919 2142; x_wconf 85' lang='lat' dir='ltr'><strong>recolo,</strong></span> <span class='ocrx_word' id='word_1_176' title='bbox 946 2094 1011 2132; x_wconf 88' lang='lat' dir='ltr'><strong>ubi</strong></span> <span class='ocrx_word' id='word_1_177' title='bbox 1037 2095 1103 2142; x_wconf 91' lang='lat' dir='ltr'><strong>qui</strong></span> <span class='ocrx_word' id='word_1_178' title='bbox 1127 2096 1225 2143; x_wconf 70' lang='lat' dir='ltr'><strong>eget,</strong></span> <span class='ocrx_word' id='word_1_179' title='bbox 1252 2106 1365 2144; x_wconf 81' lang='lat' dir='ltr'><strong>qnam</strong></span> <span class='ocrx_word' id='word_1_180' title='bbox 1390 2100 1464 2134; x_wconf 81' lang='lat' dir='ltr'><strong>etc.</strong></span> 
     </span>
    </p>

    <p class='ocr_par' dir='ltr' id='par_1_12' title="bbox 262 2165 1655 2274">
     <span class='ocr_line' id='line_1_28' title="bbox 262 2165 1655 2214; baseline -0.002 -4"><span class='ocrx_word' id='word_1_181' title='bbox 262 2165 418 2210; x_wconf 83' lang='lat' dir='ltr'><strong>Bacch.</strong></span> <span class='ocrx_word' id='word_1_182' title='bbox 442 2166 544 2209; x_wconf 89' lang='grc'><strong>662.</strong></span> <span class='ocrx_word' id='word_1_183' title='bbox 706 2167 757 2205; x_wconf 82' lang='lat' dir='ltr'><strong>Ut</strong></span> <span class='ocrx_word' id='word_1_184' title='bbox 782 2177 1029 2214; x_wconf 82' lang='lat' dir='ltr'><strong>quaecunque</strong></span> <span class='ocrx_word' id='word_1_185' title='bbox 1053 2178 1114 2205; x_wconf 81' lang='lat' dir='ltr'><strong>res</strong></span> <span class='ocrx_word' id='word_1_186' title='bbox 1135 2171 1211 2214; x_wconf 85' lang='lat' dir='ltr'><strong>est,</strong></span> <span class='ocrx_word' id='word_1_187' title='bbox 1247 2169 1302 2205; x_wconf 70' lang='lat' dir='ltr'><strong>ita</strong></span> <span class='ocrx_word' id='word_1_188' title='bbox 1326 2169 1492 2205; x_wconf 82' lang='lat' dir='ltr'><strong>animum</strong></span> <span class='ocrx_word' id='word_1_189' title='bbox 1517 2169 1655 2207; x_wconf 83' lang='lat' dir='ltr'><strong>habeat</strong></span> 
     </span>
     <span class='ocr_line' id='line_1_29' title="bbox 1070 2227 1229 2274; baseline -0.006 0"><span class='ocrx_word' id='word_1_190' title='bbox 1070 2227 1229 2274; x_wconf 70' lang='lat' dir='ltr'><strong>[usque]</strong></span> 
     </span>
    </p>

    <p class='ocr_par' dir='ltr' id='par_1_13' title="bbox 261 2285 1653 2401">
     <span class='ocr_line' id='line_1_30' title="bbox 261 2285 1653 2343; baseline -0.002 -7"><span class='ocrx_word' id='word_1_191' title='bbox 261 2291 394 2336; x_wconf 77' lang='lat' dir='ltr'><strong>Mero.</strong></span> <span class='ocrx_word' id='word_1_192' title='bbox 418 2291 523 2335; x_wconf 83' lang='lat'><strong>337.</strong></span> <span class='ocrx_word' id='word_1_193' title='bbox 702 2293 808 2331; x_wconf 87' lang='lat' dir='ltr'><strong>Satin</strong></span> <span class='ocrx_word' id='word_1_194' title='bbox 848 2294 1028 2341; x_wconf 81' lang='lat' dir='ltr'><strong>quicquid</strong></span> <span class='ocrx_word' id='word_1_195' title='bbox 1070 2297 1144 2340; x_wconf 86' lang='lat' dir='ltr'><strong>est,</strong></span> <span class='ocrx_word' id='word_1_196' title='bbox 1186 2293 1219 2330; x_wconf 85' lang='lat' dir='ltr'><strong>si</strong></span> <span class='ocrx_word' id='word_1_197' title='bbox 1265 2304 1378 2340; x_wconf 85' lang='lat' dir='ltr'><strong>quam</strong></span> <span class='ocrx_word' id='word_1_198' title='bbox 1415 2304 1493 2331; x_wconf 89' lang='lat' dir='ltr'><strong>rem</strong></span> <span class='ocrx_word' id='word_1_199' title='bbox 1533 2285 1653 2343; x_wconf 80' lang='lat' dir='ltr'><strong>[ego]</strong></span> 
     </span>
     <span class='ocr_line' id='line_1_31' title="bbox 1068 2353 1339 2401; baseline -0.004 -10"><span class='ocrx_word' id='word_1_200' title='bbox 1068 2364 1183 2401; x_wconf 84' lang='lat' dir='ltr'><strong>agere</strong></span> <span class='ocrx_word' id='word_1_201' title='bbox 1209 2353 1339 2400; x_wconf 86' lang='lat' dir='ltr'><strong>occepi</strong></span> 
     </span>
    </p>

    <p class='ocr_par' dir='ltr' id='par_1_14' title="bbox 263 2418 1653 2467">
     <span class='ocr_line' id='line_1_32' title="bbox 263 2418 1653 2467; baseline -0.002 -5"><span class='ocrx_word' id='word_1_202' title='bbox 263 2418 420 2462; x_wconf 87' lang='lat' dir='ltr'><strong>Pseud.</strong></span> <span class='ocrx_word' id='word_1_203' title='bbox 447 2418 579 2462; x_wconf 84' lang='lat'><strong>1264.</strong></span> <span class='ocrx_word' id='word_1_204' title='bbox 704 2421 834 2467; x_wconf 88' lang='lat' dir='ltr'><strong>Neque</strong></span> <span class='ocrx_word' id='word_1_205' title='bbox 848 2421 903 2458; x_wconf 89' lang='lat' dir='ltr'><strong>ibi</strong></span> <span class='ocrx_word' id='word_1_206' title='bbox 920 2421 1035 2457; x_wconf 81' lang='lat' dir='ltr'><strong>alium</strong></span> <span class='ocrx_word' id='word_1_207' title='bbox 1048 2420 1113 2457; x_wconf 79' lang='lat' dir='ltr'><strong>alii</strong></span> <span class='ocrx_word' id='word_1_208' title='bbox 1126 2430 1208 2457; x_wconf 81' lang='lat' dir='ltr'><strong>esse</strong></span> <span class='ocrx_word' id='word_1_209' title='bbox 1222 2421 1320 2467; x_wconf 82' lang='lat' dir='ltr'><strong>odio,</strong></span> <span class='ocrx_word' id='word_1_210' title='bbox 1334 2431 1404 2458; x_wconf 84' lang='lat' dir='ltr'><strong>nec</strong></span> <span class='ocrx_word' id='word_1_211' title='bbox 1417 2421 1653 2459; x_wconf 85' lang='lat' dir='ltr'><strong>sermonibus</strong></span> 
     </span>
    </p>
   </div>
   <div class='ocr_carea' id='block_1_10' title="bbox 265 2472 1651 2609">
    <p class='ocr_par' dir='ltr' id='par_1_15' title="bbox 265 2472 1651 2609">
     <span class='ocr_line' id='line_1_33' title="bbox 1069 2472 1632 2528; baseline 0.002 -11"><span class='ocrx_word' id='word_1_212' title='bbox 1069 2472 1274 2528; x_wconf 73' lang='lat' dir='ltr'><strong>morologis</strong></span> <span class='ocrx_word' id='word_1_213' title='bbox 1299 2480 1355 2518; x_wconf 85' lang='lat' dir='ltr'><strong>uti</strong></span> <span class='ocrx_word' id='word_1_214' title='bbox 1381 2480 1632 2528; x_wconf 79' lang='lat' dir='ltr'><strong>[quemquam]</strong></span> 
     </span>
     <span class='ocr_line' id='line_1_34' title="bbox 265 2548 1651 2609; baseline 0 -14"><span class='ocrx_word' id='word_1_215' title='bbox 265 2564 447 2609; x_wconf 87' lang='lat' dir='ltr'><strong>quorum</strong></span> <span class='ocrx_word' id='word_1_216' title='bbox 479 2563 684 2594; x_wconf 87' lang='lat' dir='ltr'><strong>versuum</strong></span> <span class='ocrx_word' id='word_1_217' title='bbox 715 2549 767 2593; x_wconf 87' lang='lat' dir='ltr'><strong>de</strong></span> <span class='ocrx_word' id='word_1_218' title='bbox 797 2550 937 2607; x_wconf 89' lang='lat' dir='ltr'><strong>primo</strong></span> <span class='ocrx_word' id='word_1_219' title='bbox 970 2549 1023 2594; x_wconf 86' lang='lat' dir='ltr'><strong>cf.</strong></span> <span class='ocrx_word' id='word_1_220' title='bbox 1046 2548 1099 2593; x_wconf 90' lang='lat' dir='ltr'><strong>H.</strong></span> <span class='ocrx_word' id='word_1_221' title='bbox 1127 2550 1164 2593; x_wconf 94' lang='lat'><strong>1.</strong></span> <span class='ocrx_word' id='word_1_222' title='bbox 1192 2550 1230 2593; x_wconf 89' lang='lat'><strong>1.</strong></span> <span class='ocrx_word' id='word_1_223' title='bbox 1271 2548 1325 2593; x_wconf 93' lang='grc' dir='ltr'><strong>Π.</strong></span> <span class='ocrx_word' id='word_1_224' title='bbox 1349 2551 1391 2594; x_wconf 85' lang='grc'><strong>3.</strong></span> <span class='ocrx_word' id='word_1_225' title='bbox 1419 2551 1467 2606; x_wconf 85' lang='grc'><strong>1,</strong></span> <span class='ocrx_word' id='word_1_226' title='bbox 1499 2550 1553 2595; x_wconf 88' lang='lat' dir='ltr'><strong>de</strong></span> <span class='ocrx_word' id='word_1_227' title='bbox 1584 2564 1651 2595; x_wconf 82' lang='lat' dir='ltr'><strong>se-</strong></span> 
     </span>
    </p>
   </div>
  </div>
 </body>
</html>
