1848 3081
929 160 987 203 40

307 278 585 325 Imperatumst,
610 278 682 314 etsi
706 277 826 323 abest,
875 277 949 314 Hie
973 276 1107 314 adesse
1131 286 1238 314 erum
1262 276 1435 315 arbitror.

1236 337 1289 381 (11
1305 336 1425 375 trooh.
1441 335 1528 373 dim.
1550 336 1599 379 e.)

478 398 588 435 Nune
613 407 686 444 ego
707 397 816 434 illum
842 399 980 443 metuo,
1006 407 1120 444 quom
1141 396 1205 434 hio
1221 407 1297 435 non
1314 397 1424 436 adest
1448 397 1514 442 (er.
1531 395 1647 439 trim.)

479 457 536 495 Ne
561 461 727 495 metuam
754 468 868 505 quom
892 456 1032 495 adsiet:
1060 457 1159 517 [iam]
1187 457 1223 495 ei
1247 457 1302 495 rei
1326 468 1479 505 operam
1504 455 1615 494 dabo.
1648 497 1650 499 ,

1412 518 1481 563 (er.
1497 518 1599 562 tetr.)

410 654 453 698 2.
498 653 570 697 De
602 654 830 708 trimetro,
864 653 1076 709 dimo-tra,
1109 653 1379 699 hexametro
1412 660 1503 697 cat.

358 764 396 805 1.
443 761 541 806 Non
578 738 718 817 magis
757 775 885 819 quam
926 761 979 806 de
1019 747 1270 806 tetrametro
1301 762 1343 807 b.
1373 765 1456 806 eat.
1487 761 1540 806 de
1571 761 1650 805 tri-

260 845 399 884 metro
441 844 485 884 et
523 840 707 884 dimetro
740 840 1021 884 dubitandum
1055 844 1143 896 est,
1183 840 1265 884 etsi
1305 840 1503 898 exempla
1532 839 1650 885 illius

260 919 499 976 rarissima,
531 918 659 963 huius
691 931 776 962 non
808 919 871 963 ita
901 919 1144 976 frequentia
1176 924 1288 964 sunt.
1329 919 1532 965 Trimetri
1558 932 1650 964 oer-

261 999 373 1043 tiora
404 998 510 1043 haee
539 1001 710 1042 tantum
740 998 867 1041 novi:
898 996 1012 1042 Men.
1031 998 1135 1042 579.

605 1073 797 1112 Sollicitos
822 1077 1002 1120 patronos
1026 1073 1178 1121 habent,

604 1134 744 1170 Datum
770 1133 978 1180 denegant,
1004 1133 1107 1180 quod
1133 1133 1311 1179 datumst,

263 1211 315 1253 de
332 1208 446 1253 Men.
466 1209 555 1252 972
588 1208 641 1251 of.
658 1206 732 1251 III.
755 1209 793 1251 1.
816 1209 837 1251 1
875 1205 944 1263 (de
965 1206 1125 1266 Amph.
1143 1208 1231 1252 638
1266 1202 1318 1252 ef.
1335 1206 1389 1251 Π.
1407 1207 1467 1262 4).
1531 1263 1533 1265 v

355 1289 397 1332 2.
436 1287 623 1332 Dimetri
646 1288 728 1330 cat.
750 1286 825 1330 vix
847 1286 973 1330 aliter
994 1300 1123 1344 quam
1144 1281 1235 1331 bini
1256 1279 1471 1331 coniuncti
1492 1292 1535 1331 et
1555 1301 1652 1331 cum

264 1367 360 1411 aliis
391 1365 537 1411 bacch.
571 1365 766 1410 versibus
799 1365 1031 1409 consociati
1060 1365 1351 1409 inveniuntur.
1415 1356 1532 1419 Quae
1565 1367 1652 1411 sin-

264 1446 353 1502 guli
385 1445 513 1489 huius
545 1444 715 1501 generis
737 1458 887 1489 versus
920 1444 1035 1502 apud
1064 1444 1249 1488 editores
1276 1440 1493 1502 leguntur,
1525 1445 1654 1490 dubia

264 1525 347 1569 fide
381 1527 503 1568 sunt:
546 1523 598 1568 de
621 1522 739 1568 Trin.
764 1524 867 1568 235.
901 1523 1016 1580 of.1‚
1040 1524 1090 1580 2,
1124 1523 1176 1568 de
1204 1522 1317 1568 Men.
1336 1524 1439 1568 974.
1476 1515 1530 1568 Π.
1548 1517 1589 1569 3.
1614 1527 1652 1581 1,

265 1604 317 1648 de
338 1603 493 1647 Bacch.
516 1604 646 1647 1037.
679 1601 732 1646 Π.
750 1604 791 1646 2.
811 1604 853 1646 2.
892 1602 1012 1646 Idem
1035 1602 1088 1646 de
1111 1603 1172 1646 eis
1194 1595 1405 1661 exemplis
1427 1603 1651 1647 dicendum

265 1686 345 1739 est,
377 1682 450 1727 ubi
481 1681 609 1726 huius
641 1682 810 1738 generis
832 1696 982 1726 versus
1013 1682 1126 1725 inter
1146 1685 1286 1725 metra
1317 1696 1403 1725 non
1430 1682 1655 1727 bacchiaea

266 1761 523 1819 interposita
544 1761 842 1819 reperiuntur3
874 1774 975 1803 nam
996 1759 1257 1804 Bacchidum
1279 1759 1398 1804 loeus
1421 1761 1510 1805 660
1528 1785 1584 1791 —-
1602 1761 1654 1805 de

267 1854 394 1884 versu
418 1841 520 1884 662.
554 1840 608 1882 of.
630 1839 662 1883 I.
681 1840 723 1883 2.
743 1863 799 1868 —
834 1839 964 1882 etiam
985 1838 1115 1882 iamb.
1139 1838 1313 1883 dimetri
1334 1842 1442 1883 acat.
1465 1829 1655 1883 admittit

266 1932 513 1963 mensuram
547 1917 618 1970 (of.
641 1932 682 1961 v.
702 1917 830 1971 655):

608 1999 729 2037 Bonu’
756 2000 807 2036 sit
830 1999 951 2046 bonis,
978 1998 1101 2036 manu’
1128 1999 1178 2036 sit
1202 1999 1320 2046 malis,

268 2079 311 2118 et
342 2074 451 2118 Rud.
471 2076 561 2119 230
591 2074 691 2118 libri
723 2087 810 2118 non
842 2087 949 2131 quos
980 2073 1045 2118 Fl.
1077 2074 1228 2118 statuit
1265 2074 1305 2119 b.
1336 2074 1541 2119 dimetros
1573 2078 1653 2119 cat.

266 2154 490 2212 praebent,
523 2153 598 2197 sed
631 2153 738 2196 duas
769 2152 904 2195 troeh.
927 2152 1137 2209 tripudias
1169 2157 1251 2197 eat.

575 2234 670 2281 Spes
695 2234 796 2271 bona
820 2233 977 2271 obsecro
1027 2233 1222 2271 Subventa
1246 2234 1351 2271 mihi.

267 2309 435 2354 Afferre
458 2313 602 2353 autem
623 2322 800 2367 possum
821 2308 926 2352 haec
942 2309 1126 2352 certiora
1141 2309 1268 2352 huius
1289 2309 1417 2352 metri
1437 2309 1653 2367 exempla:

269 2387 391 2446 Capt.
415 2388 519 2432 505.

365 2465 535 2502 Tandem
561 2464 627 2501 alii
652 2464 699 2500 ad
724 2468 953 2510 praetorem:
979 2464 1032 2501 ibi
1056 2464 1122 2500 vix
1147 2464 1315 2510 requievi
1332 2465 1350 2511 ΙΙ
1367 2464 1418 2508 (b.
1433 2466 1534 2510 teti.)

414 2526 522 2572 Rogo
547 2524 806 2572 syngraphum
857 2524 978 2561 Datur
993 2525 1012 2571 ΙΙ
1027 2524 1080 2560 mi
1104 2524 1211 2562 ilico:
1237 2525 1288 2571 (ΙΙ
1304 2525 1341 2562 b.
1359 2525 1451 2562 dim.
1469 2526 1517 2569 c.)

416 2585 514 2623 Dedi
539 2585 729 2634 Tyndaro,
779 2585 848 2622 Ille
874 2584 968 2621 abiit
992 2584 1158 2622 domum.
1175 2586 1193 2632 ΙΙ
