1848 3081
871 189 928 231 29

206 309 331 354 Truc.
354 306 387 350 I.
411 308 452 350 2.
480 307 549 350 13.
814 352 818 355 ,

281 383 299 432 Η
325 382 421 420 Ibist
444 381 530 419 ibus
553 392 703 429 pugnae
728 385 767 420 et
790 382 934 429 virtuti,
961 382 1012 427 (b.
1030 383 1146 428 trim.)

324 443 383 479 De
406 442 660 488 praedonibus
684 443 862 489 praedam
888 453 1023 489 capere
1051 442 1070 490 ΙΙ

324 502 379 539 At
402 505 549 540 ecastor
575 502 646 546 (sic
670 502 738 550 A.;
764 502 862 550 „ec.“
887 514 960 540 om.
979 503 1022 539 B.
1038 503 1096 547 C.)
1123 513 1192 540 nos
1219 514 1347 540 rusum
1373 504 1499 550 lepide

422 561 635 599 Referimus
658 562 819 609 gratiam
844 562 992 599 furibus
1016 563 1168 600 nostris.
1198 562 1215 610 ΙΙ
1244 567 1310 608 (cr.
1328 567 1413 599 tetr.
1435 567 1483 608 c.)

204 632 296 678 Hoc
334 644 467 675 unum
505 631 606 675 novi
643 634 808 676 certum
841 631 1107 690 exemplum,
1151 632 1221 676 ubi
1251 632 1436 676 trimetri
1471 633 1590 677 bina-

205 704 327 757 rium'
347 723 576 755 numerum
609 710 830 755 excedant.

557 838 599 881 3.
650 837 720 881 De
752 839 947 882 dimetro
982 838 1140 883 bacola.
1166 853 1234 883 ao.

289 937 336 978 -1.
376 934 502 978 Η11110
522 947 695 978 versum
727 938 775 978 ut
806 935 1170 979 cret.‘dimetrum
1199 936 1268 990 (cf.
1296 935 1483 993 Spengel
1513 936 1540 979 l.
1558 936 1587 980 l.

203 1027 245 1071 p.
270 1012 344 1067 28)
377 1012 492 1070 apud
513 1011 714 1056 Plautum
746 1013 791 1056 in
823 1013 1051 1057 secundam
1085 1014 1230 1057 sedem
1258 1027 1337 1071 pro
1359 1013 1479 1057 brevi
1502 1014 1587 1071 syl-

203 1092 299 1136 laba
328 1090 500 1147 longam
533 1092 623 1136 sive
648 1092 739 1136 eius
762 1092 1016 1137 solutionem
1037 1107 1124 1137 non
1146 1092 1372 1137 admittere
1393 1093 1586 1137 homines

203 1170 349 1215 doctos
371 1170 508 1215 adhuc
528 1170 698 1215 videtur
717 1171 891 1227 fugisse.
936 1170 1049 1224 Quos
1071 1172 1170 1217 huic
1191 1172 1275 1228 legi
1297 1176 1586 1230 repugnantes

203 1251 407 1294 dimetros
439 1249 490 1293 G.
517 1250 813 1306 Hermannus,
853 1250 1179 1307 Fleckeisenus,
1210 1251 1466 1295 Ritschelius
1500 1256 1587 1295 sta-

202 1332 392 1385 tuerunt,
425 1331 631 1385 quantam
654 1327 779 1372 fidem
804 1328 1002 1386 habeant,
1034 1330 1122 1373 iam
1143 1329 1396 1374 videbimus.
1439 1330 1587 1374 Dime-

201 1411 317 1454 trum
355 1406 588 1450 molossum
619 1408 665 1450 in
697 1407 882 1451 secunda
914 1408 1013 1451 sede
1044 1422 1122 1465 pro
1154 1409 1327 1452 bacchio
1359 1409 1587 1452 habentem

200 1484 264 1529 Fl.
296 1485 527 1530 Ritschelio
573 1485 694 1540 (Par.
726 1500 769 1544 p.
797 1486 1176 1556 383)-0bsecutus
1215 1487 1374 1545 Amph.
1413 1489 1495 1532 176
1521 1502 1583 1544 sq.

202 1564 340 1608 dedit:
470 1573 614 1611 Satiust
640 1584 698 1611 me
723 1574 829 1620 queri
854 1574 918 1611 illo
944 1573 1055 1611 modo
1081 1573 1320 1610 servitutem:

540 1635 611 1679 Qui
636 1634 747 1672 hodie
773 1633 908 1671 fuerim
933 1635 1040 1681 liber,

468 1696 564 1731 Eum
589 1705 690 1731 nunc
715 1694 851 1740 potivit
876 1698 983 1740 pater
1007 1694 1212 1731 servitutis.

537 1754 609 1790 Hic
633 1754 699 1801 qui
723 1765 839 1791 verna
864 1757 1002 1798 natust,
1031 1754 1312 1801 [coanueritur,

201 1838 327 1881 quem
358 1824 499 1868 locum
526 1822 723 1867 Veterem
758 1827 926 1867 secutus
959 1824 1020 1867 sic
1053 1824 1237 1868 scribere
1268 1838 1353 1867 non
1386 1824 1553 1869 dubito:

396 1899 414 1948 ΙΙ
441 1899 584 1937 Satiust
608 1910 668 1936 me
693 1899 800 1945 queri
824 1899 888 1936 illo
915 1899 967 1944 (b.
985 1899 1091 1945 dim.)

346 1960 458 1997 Modo
484 1960 722 1997 servitutem:
747 1959 860 1997 hodie
885 1959 951 2006 qui
979 1958 1113 1996 fuerim
1138 1960 1243 2006 liber,
1273 1959 1291 2008 Η
1318 1960 1369 2005 (b.
1387 1962 1489 2006 tetr.)

345 2020 441 2057 Eum
467 2030 567 2056 nunc
592 2020 730 2066 potivit
753 2023 861 2066 pater
885 2020 1090 2057 servitutis.

349 2073 351 2075 ’
441 2080 514 2116 Hic
538 2080 603 2125 qui
627 2091 744 2116 verna
767 2083 896 2116 natust
920 2080 1100 2126 queritur.
1128 2079 1146 2127 ΙΙ
1175 2082 1237 2125 (tr.
1255 2080 1345 2117 dim.
1363 2082 1436 2124 ac.)

289 2148 437 2206 Neque
468 2149 675 2192 maiorem
705 2148 832 2192 fidem
864 2149 1023 2193 habent
1044 2149 1235 2193 eiusdem
1256 2150 1373 2193 modi
1394 2150 1583 2205 dimetri,

200 2240 305 2284 quos
336 2226 607 2271 Hermannus
637 2225 705 2270 El.
731 2241 774 2284 p.
794 2228 880 2271 307
905 2231 948 2271 et
970 2228 1058 2272 295
1080 2242 1143 2285 sq.
1176 2227 1243 2271 his
1274 2228 1380 2272 loeis
1413 2229 1582 2272 statuit:

227 2300 329 2344 Aul.
351 2299 404 2344 II.
431 2302 468 2343 l.
492 2301 534 2344 6.
634 2304 714 2342 Nec
750 2307 891 2340 mutam
928 2303 1099 2350 profecto
1132 2308 1318 2350 repertam
1352 2305 1467 2341 ullam
1499 2315 1583 2341 esse

779 2422 921 2459 Dicunt
945 2422 1020 2459 ullo
1045 2423 1083 2458 in
1110 2363 1329 2460 saechl)IOdffl

228 2476 454 2523 Poen.I.2.
471 2480 523 2523 13
536 2492 598 2536 sq.
639 2482 790 2530 [Usque]
823 2492 974 2528 operam
1001 2482 1141 2519 dedere
1166 2481 1459 2529 aggerundaque
1484 2492 1583 2528 aqua

1214 2545 1303 2580 sunt

778 2590 860 2630 Viri
883 2590 959 2628 duo
985 2589 1136 2628 defessi.
