1848 3081
884 171 939 212 19

213 292 399 336 cundum
428 289 464 333 F
465 288 696 333 leckeiseni
729 291 772 332 et
799 287 1023 331 Ritschelii
1054 289 1262 333 editiones
1294 290 1476 334 videtur.
1517 290 1598 343 Qui

213 383 318 428 quos
346 370 519 427 praeter
539 367 839 412 necessitatem
861 368 1120 424 statuerunt,
1153 381 1300 413 eorum
1322 372 1489 426 partem
1511 369 1598 413 iam

213 462 343 505 supra
373 447 654 491 removimus:
686 446 740 489 de
761 445 921 502 Amph.
939 446 1043 490 581.
1062 447 1150 490 582
1174 446 1244 500 (cf.
1267 447 1402 504 praef.
1426 447 1597 504 p.XIX)

211 526 264 570 cf.
288 525 320 570 Ι.
344 526 397 582 6,
429 525 481 570 de
512 524 672 583 Amph.
690 524 794 569 646.
834 521 867 567 I.
898 524 945 580 1,
986 523 1039 568 de
1070 523 1224 569 Bacch.
1250 526 1352 569 617.
1393 524 1426 569 I.
1455 526 1506 582 3,
1547 526 1598 570 de

210 603 337 648 Most.
355 606 457 648 316.
490 603 524 647 Ι.
542 604 586 660 2,
618 602 671 646 de
691 601 846 646 Pseud.
868 603 997 647 1271.
1030 602 1136 646 11.1.
1153 605 1190 647 1.
1228 602 1376 661 Neque
1393 589 1599 648 maiorem

209 682 337 727 fidem
369 682 414 726 hi
444 682 624 726 habent:
656 680 817 738 Amph.
835 682 939 726 572.

453 769 586 808 Merito
612 768 816 807 maledicas
842 770 892 807 mi
918 770 950 808 si
979 770 1078 818 [non]
1106 770 1145 808 id
1170 770 1225 808 ita
1250 769 1429 809 factumst

331 832 437 875 (sci-,z
470 831 604 869 Merito
630 831 833 869 maledicas
905 830 1015 877 Mihi,
1040 832 1072 869 si
1097 832 1137 868 id
1162 832 1217 869 ita
1241 831 1436 877 factumst)

1181 892 1241 937 (II
1262 892 1375 931 iamb.
1393 892 1481 939 trip.
1498 896 1548 938 c.)

207 952 333 998 Most.
344 954 416 999 89.
451 959 652 998 Hominem
677 959 787 997 cuius
812 959 865 997 rei
892 958 1055 996 similem
1080 970 1164 997 esse
1190 959 1391 997 arbitrarer

209 1024 350 1081 [libriz
451 1032 652 1070 Hominem
677 1032 776 1068 cuiu’
802 1032 857 1068 rei
883 1032 1035 1078 quando
1061 1035 1172 1068 natus
1198 1035 1255 1069 est
1281 1032 1333 1077 (b.
1352 1035 1437 1069 tetr.
1457 1035 1546 1078 cat.)

449 1092 616 1129 Similem
631 1103 714 1130 esse
726 1092 929 1130 arbitrarer
941 1092 1257 1139 simulacrumque
1271 1091 1411 1130 habere
1421 1093 1594 1140 (b.tetr.)]

210 1154 315 1197 123:
447 1158 498 1195 Ut
523 1158 563 1194 in
587 1169 697 1195 usum
722 1159 814 1196 boni
839 1159 920 1214 sint·
939 1162 978 1195 et
1001 1159 1041 1195 in
1067 1159 1232 1205 speciem
1256 1160 1398 1205 populo

207 1223 344 1281 [libi-i:
443 1229 494 1266 Ut
520 1232 559 1266 et
582 1230 622 1266 in
647 1240 759 1267 usum
784 1230 875 1267 boni
901 1233 940 1267 et
963 1230 1003 1266 in
1029 1231 1193 1276 speciem
1220 1230 1352 1275 (troch.
1373 1231 1463 1267 dim.
1481 1235 1553 1275 ac.)

447 1290 592 1336 Populo
613 1290 707 1327 sint:
733 1290 884 1337 sibique
899 1294 966 1327 aut
982 1291 1161 1328 materiae
1178 1295 1386 1338 neparcunt
1407 1291 1459 1337 (b.
1476 1292 1593 1338 tetr.)]

205 1358 258 1403 de
281 1359 536 1403 861—862.
570 1359 624 1403 cf.
645 1358 719 1404 III.
741 1361 779 1404 1.
802 1362 841 1404 l.

209 1430 322 1476 Pers.
346 1433 448 1476 815.
520 1435 664 1473 Restim
689 1439 732 1473 tu
756 1436 828 1474 tibi
854 1447 947 1483 cape
972 1448 1134 1475 crassam
1159 1447 1204 1474 ac
1231 1441 1269 1474 te
1295 1438 1484 1484 suspende

206 1496 344 1555 [libri:
519 1502 666 1540 Restim
690 1506 732 1540 tu
757 1503 828 1541 tibi
853 1514 947 1551 cape
974 1506 1035 1550 (tr.
1054 1503 1143 1541 dim.
1164 1505 1252 1549 cat.)

522 1563 694 1600 Crassam
720 1573 765 1600 ac
791 1564 980 1610 suspende
1005 1567 1043 1600 te
1069 1566 1174 1610 (cret.
1193 1563 1313 1610 dim.>]

202 1623 494 1670 Pseud.1254.
521 1629 580 1666 Ita
603 1629 688 1667 loco
713 1629 752 1666 in
778 1628 915 1667 festivo
942 1641 1071 1667 sumus
1097 1629 1232 1667 festive
1257 1630 1406 1676 accepti

205 1689 345 1747 [libriz
521 1696 654 1742 Itaque
679 1696 719 1732 in
744 1696 828 1734 loco
854 1696 992 1734 festivo
1014 1735 1025 1741 x
1072 1696 1210 1734 Sumus
1236 1696 1372 1734 festive
1396 1698 1543 1743 accepti

1135 1758 1185 1803 (11
1202 1757 1316 1795 iamb.
1329 1757 1420 1795 dim.
1438 1758 1539 1804 cat.)]

201 1819 311 1864 Rud.
329 1820 432 1864 912.
517 1824 611 1861 Miro
637 1822 729 1860 mihi
756 1823 867 1861 modo
891 1827 1006 1871 atque
1031 1825 1254 1863 incredibile
1279 1824 1341 1861 hio
1364 1810 1534 1870 piscatus

330 1887 433 1930 914.
518 1890 649 1927 Pondo
673 1890 756 1936 cepi
781 1890 854 1927 nisi
872 1890 944 1928 hoc
961 1890 1063 1937 quod
1081 1889 1160 1927 fero
1178 1890 1240 1927 hic
1260 1890 1431 1936 [mecum]
1453 1891 1491 1926 in
1510 1894 1589 1928 rete

203 1967 303 2025 [scr.
336 1970 459 2015 libris
492 1970 691 2015 ducibus:

351 2058 522 2105 Miroque
546 2058 658 2095 modo
682 2061 795 2105 atque
821 2057 1032 2094 incredibili
1057 2057 1119 2094 hic
1146 2059 1271 2103 (anap.
1290 2057 1378 2094 dim.
1398 2061 1446 2102 c.)

345 2118 508 2155 Piscatu’
534 2117 626 2154 mihi
654 2117 673 2166 ΙΙ
700 2118 826 2165 lepide
852 2118 980 2155 evenit

345 2179 478 2225 Neque
502 2178 664 2224 piscium
688 2179 839 2215 unciam
865 2179 981 2215 ullam
1006 2178 1134 2224 (iamb.
1152 2178 1241 2215 dim.
1261 2181 1310 2223 c.)

345 2238 475 2285 Ho[ce]
464 2238 542 2284 ]die
570 2237 588 2286 ΙΙ
615 2238 741 2284 pondo
767 2238 863 2284 cepi,
1131 2266 1149 2285 „

344 2298 426 2336 Nisi
450 2297 523 2336 hoc
548 2297 654 2345 quod.
674 2296 753 2335 fero
778 2297 841 2334 hic
866 2298 907 2334 in
933 2301 1024 2335 rete.
1040 2297 1058 2346 11
1131 2326 1148 2345 ,,

199 2379 422 2437 anapaesti
454 2382 497 2422 et
527 2378 700 2423 iambici
722 2392 870 2422 versus
902 2379 1119 2422 canticum
1151 2380 1281 2424 etiam
1304 2379 1499 2423 claudere
1523 2379 1585 2422 vi-

199 2457 375 2502 dentur:
410 2458 512 2502 919.
539 2461 773 2498 Tolerarem:
788 2472 901 2507 opera
912 2460 1006 2497 haut
1018 2460 1072 2498 fui
1086 2462 1212 2509 parcu’
1224 2473 1315 2499 mea.
1329 2464 1402 2506 (an.
1412 2461 1501 2498 dim.
1512 2465 1585 2505 ac.)

540 2520 660 2559 Nimis
685 2521 798 2559 homo
819 2520 965 2558 nihilist
981 2521 1047 2568 qui
1064 2524 1123 2559 est
1139 2522 1249 2569 piger
1266 2520 1392 2567 (iamb.
1406 2521 1496 2559 dim.
1511 2526 1584 2565 ac.)

537 2581 733 2629 Nimisque
757 2582 797 2619 id
821 2592 941 2629 genus
966 2581 1029 2619 odi
1054 2592 1126 2628 ego
1152 2582 1261 2619 male.
1405 2610 1423 2629 „
1574 2582 1586 2628 ]

1303 2649 1326 2685 2
1340 2651 1364 2672 ἱ·
