1848 3081
883 167 1049 231 38-

247 288 309 332 sic
330 287 430 332 libri
451 287 588 332 Pareo
614 289 740 343 teste,
763 287 846 331 nisi
869 287 982 344 quod
1003 287 1049 330 in
1070 287 1326 344 paenultimi
1347 302 1497 334 versus
1519 289 1638 334 exitu

250 365 401 423 „sum“
438 366 616 423 addunt,
650 366 764 423 quod
794 367 882 410 iam
912 365 1086 409 Reizius
1119 364 1289 410 delevit.

341 447 383 490 3.
437 444 554 498 Quae
594 445 733 489 adhuc
772 445 995 489 attulimus
1035 444 1232 502 exempla
1270 445 1376 489 talia
1407 448 1550 503 erant,
1589 448 1639 490 ut

246 525 434 569 trimetri
486 538 582 568 cum
637 524 733 568 aliis
781 524 926 569 bacch.
968 523 1163 568 versibus
1210 523 1426 569 coniuncti
1474 528 1636 579 essent3

246 607 419 663 praeter
446 603 556 648 hanc
585 603 879 648 condicionem
899 601 1086 660 Plautus⁴
1109 603 1329 648 trimetros
1357 602 1424 648 his
1445 603 1552 649 locis
1572 604 1637 648 vi-

246 684 373 727 detur
389 683 630 727 admisisse:
652 681 808 727 Pseud.
824 683 938 727 1316
957 681 1051 727 cil.
1063 683 1105 726 9.
1125 681 1338 727 Trin.261
1354 696 1418 740 sq.
1437 682 1553 727 cf.11.
1566 683 1636 726 14.

245 762 399 808 Bacch.
423 763 512 807 629
536 775 599 818 sq.

465 850 726 888 Consolandus
750 849 813 886 hic
839 849 937 887 mist.
988 850 1057 887 Ibo
1082 850 1131 886 ad
1156 860 1256 887 eum.
1282 850 1337 895 (b.
1355 850 1471 896 trim.)

466 910 707 956 Mnesiloche,
733 910 826 957 quid
851 909 921 947 fit?
956 910 1068 948 Perii.
1096 910 1148 956 (II
1165 911 1189 947 i.
1209 910 1299 948 dim.
1318 912 1367 955 c.)

467 971 518 1007 Di
543 971 668 1007 meliu'
694 970 849 1007 faciant.
887 970 999 1007 Perii.
1228 999 1245 1017 „

466 1031 552 1069 Non
575 1034 678 1068 taces
703 1030 914 1076 insipiens?
948 1030 1140 1067 Taceam?
1166 1032 1291 1077 (anap.
1308 1030 1398 1067 dim.
1413 1032 1502 1076 cat.)

472 1091 594 1129 Sanus
620 1091 713 1129 satis
738 1102 813 1129 non
839 1102 891 1128 es.
929 1090 1040 1128 Perii.
1333 1118 1351 1139 „

246 1165 373 1211 Most.
398 1167 501 1211 343.

295 1243 394 1288 Quin
418 1243 552 1280 amabo
577 1243 752 1289 accubas,
777 1242 982 1288 Delphium
1009 1242 1119 1279 mea?
1145 1244 1211 1287 (cr.
1229 1242 1345 1287 trim.)

343 1304 403 1340 Da
427 1303 482 1340 illi
507 1304 610 1350 quod
635 1303 760 1340 bibat:
787 1302 970 1340 dormiam
996 1313 1067 1349 ego
1092 1302 1180 1339 iam.
1208 1302 1258 1346 (b.
1277 1302 1391 1348 trim.)

294 1364 393 1402 Num
419 1364 555 1401 mirum
580 1367 647 1401 aut
670 1373 808 1401 novom
870 1362 1072 1409 Quippiam
1096 1362 1217 1399 facit?
1242 1363 1294 1408 (II
1311 1362 1430 1400 troch.
1450 1362 1537 1408 trip.
1555 1364 1605 1407 c.)

248 1444 328 1497 (sic
358 1444 481 1497 libri3
513 1443 585 1488 R.:
617 1444 713 1487 Non
745 1444 904 1487 mirum
938 1446 1012 1486 aut
1042 1456 1198 1487 novom
1232 1443 1454 1501 quippiam
1486 1440 1634 1499 [nunc]

245 1523 395 1579 facit),
438 1537 616 1579 quorum
659 1526 804 1566 tamen
836 1536 1038 1566 versuum
1074 1522 1264 1566 medium
1295 1521 1518 1565 lenissima
1546 1525 1636 1565 tra-

246 1601 427 1646 iectione
460 1601 651 1646 eiusdem
684 1601 854 1657 generis
885 1601 1025 1645 facere
1057 1604 1179 1659 potes
1212 1603 1340 1658 atque
1370 1600 1568 1645 tertium:

524 1678 583 1714 Da
606 1678 661 1713 illi
686 1677 787 1723 quod
812 1677 933 1714 bibat:
966 1678 1049 1723 Ego
1074 1678 1148 1713 iam
1174 1677 1368 1714 dormiam.

246 1746 375 1804 Epid.
397 1745 430 1789 1.
457 1748 496 1790 1.
519 1746 593 1790 61.

295 1822 418 1860 Abeo.
449 1822 589 1859 Adsta:
615 1822 720 1859 abire
744 1822 834 1859 hinc
859 1832 934 1859 non
960 1822 1092 1859 sinam.
1125 1821 1225 1865 Quid
1247 1832 1348 1858 nunc
1365 1831 1425 1859 me
1442 1821 1596 1858 retines.
1615 1820 1635 1869 ΙΙ

1120 1882 1160 1927 (i.
1178 1881 1268 1918 dim.
1286 1892 1372 1918 cum
1389 1882 1414 1918 i.
1432 1881 1519 1928 trip.
1538 1883 1587 1927 c.)

611 1942 775 1980 Amatne
799 1942 920 1989 istam,
946 1953 1059 1989 quam
1084 1942 1176 1979 emit
1196 1942 1244 1979 de
1261 1942 1428 1989 praeda?
1454 1941 1635 1986 (b.trim.)

610 2003 764 2050 Rogas?
788 2003 947 2049 deperit.
976 2002 994 2051 ΙΙ
1020 2003 1230 2049 Detegetur
1527 2029 1545 2049 „

685 2063 836 2099 Corium
862 2063 910 2098 de
935 2065 1045 2108 tergo
1070 2072 1165 2099 meo.
1193 2061 1326 2106 (troch.
1346 2061 1437 2098 dim.
1455 2063 1504 2106 c.)

294 2121 461 2169 Plusque
486 2125 598 2169 amat,
624 2122 787 2169 quamde
813 2133 991 2169 umquam
1007 2123 1156 2160 amavit.
1179 2122 1199 2172 ΙΙ
1228 2122 1399 2169 Iuppiter
1417 2126 1456 2159 te
1471 2121 1635 2169 perduit.

1396 2184 1456 2227 (tr.
1475 2184 1587 2228 sept.)

243 2243 351 2280 Mitte
365 2242 541 2279 nunciam
555 2253 632 2279 me:
646 2253 733 2279 nam
747 2243 811 2280 ille
824 2253 883 2280 me
896 2243 1019 2280 votuit
1030 2243 1183 2281 domum
1199 2243 1217 2291 ΙΙ
1233 2243 1380 2280 venire:
1399 2242 1533 2287 (troch.
1543 2244 1633 2287 oct.)

247 2304 331 2350 [Ire]
358 2303 407 2340 ad
434 2302 701 2341 Chaeribulum
727 2304 838 2340 iussit
863 2303 937 2339 huc
962 2304 1001 2339 in
1026 2315 1268 2349 proxumum:
1294 2304 1348 2340 ibi
1374 2314 1523 2340 manere

243 2363 375 2400 Iussit:
394 2362 411 2409 ΙΙ
428 2373 473 2400 eo
486 2366 687 2400 venturust
699 2363 793 2408 ipse.
821 2363 919 2407 Quid
932 2363 1012 2399 ita?
1029 2363 1180 2399 Dicam:
1194 2363 1283 2409 quia
1294 2367 1439 2410 patrem
1452 2366 1512 2409 (tr.
1523 2366 1635 2410 sept.)

243 2423 353 2459 Prius
378 2433 420 2459 se
448 2422 466 2469 ΙΙ
495 2422 698 2459 convenire
724 2433 799 2459 non
825 2424 905 2459 volt
930 2433 1054 2469 neque
1079 2433 1120 2460 se
1145 2423 1436 2470 conspicari[er],

243 2483 362 2526 Quam
389 2483 428 2519 id
453 2485 665 2530 argentum,
695 2480 712 2529 ΙΙ
740 2483 842 2528 quod
867 2482 1027 2520 debetur
1051 2493 1120 2529 pro
1145 2482 1219 2529 illa,
1245 2483 1552 2520 dinumeraverit.

243 2543 326 2580 Heu
353 2543 489 2589 edepol
514 2553 575 2580 res
601 2541 865 2580 turbulentast.
896 2542 913 2591 ΙΙ
940 2543 1049 2581 Mitte
1075 2554 1145 2590 me,
1171 2547 1215 2581 ut
1238 2554 1321 2581 eam
1346 2544 1536 2581 nunciam.

274 2604 442 2641 Haecine
456 2604 522 2641 ubi
535 2603 648 2641 scibit
662 2614 788 2649 seneX‚
814 2603 959 2650 Puppis
976 2602 993 2652 ΙΙ
1009 2604 1216 2650 perundast
1234 2605 1352 2651 probe
1370 2604 1422 2650 (II
1430 2608 1475 2642 tr.
1485 2604 1575 2641 dim.
1585 2606 1634 2649 c.)

364 2664 462 2708 Quid
485 2666 585 2702 istuc
609 2664 657 2701 ad
676 2674 736 2701 me
756 2664 914 2711 adtinet,
941 2675 1016 2711 quo
1032 2667 1075 2702 tu
1092 2665 1255 2703 intereas
1271 2665 1395 2703 modo.
1414 2664 1434 2713 ΙΙ
1454 2665 1633 2711 (er.tetr.)
