1848 3081
913 155 973 200 22

254 281 493 336 sequuntur
524 291 674 322 versus
705 275 770 321 Fl.
803 280 954 322 contra
983 277 1116 322 libros
1149 277 1211 322 sic
1241 278 1378 323 dedit:

450 359 548 405 Quoi
572 359 697 397 noctis
721 359 879 406 diesque
903 359 1065 397 adsiduo
1090 358 1183 397 satis
1207 363 1448 407 supet-quest:

446 421 565 458 Facto
589 423 657 457 aut
680 420 784 458 dicto
808 420 920 457 adest
943 430 1051 467 opus,
1077 420 1297 468 quie[ta]tus
1321 431 1370 458 ne
1393 421 1457 463 sis.
1509 454 1512 458 s

345 495 432 541 Sed
451 493 607 553 „quoi“
626 495 734 540 illud
756 509 839 552 quo
860 495 1131 540 referendum
1155 495 1247 540 est?
1280 496 1370 540 sive
1391 509 1488 540 cum
1508 509 1642 555 „opu-

249 575 366 619 lento
387 573 581 619 homini“
605 574 893 630 coniungitur,
916 574 1007 618 sive
1029 559 1126 618 cum
1152 573 1408 630 „servitus‚“
1431 575 1643 619 sententia

249 666 403 697 manca
435 655 521 697 est:
555 653 791 710 quaeritur,
825 652 1030 710 quidnam
1052 653 1254 712 opulento
1276 652 1440 698 homini
1460 652 1530 700 vel
1551 667 1642 697 ser-

250 733 393 789 vituti,
426 745 535 789 quae
567 732 683 790 apud
715 745 814 775 eum
847 733 1047 789 servitur,
1079 732 1300 789 noctisque
1333 732 1507 789 diesque
1536 732 1642 777 satis

251 824 464 869 superque
479 811 549 855 sit.
570 810 739 855 Deinde
751 809 1022 867 „quietatus“
1034 810 1289 855 vocabulum
1301 814 1345 855 et
1356 810 1439 854 fide
1453 811 1641 854 maxime

249 890 380 934 dubia
401 892 467 933 est
487 901 625 945 neque
648 891 794 946 aptam
817 889 1074 934 sententiam
1096 889 1286 948 praebet.
1326 887 1481 933 Omnia
1497 892 1640 933 autem

248 972 364 1013 recte
388 982 433 1012 se
449 967 624 1024 habent,
647 968 684 1012 si
704 967 915 1013 librorum
937 969 1150 1026 scriptura
1173 970 1342 1013 servata
1363 981 1534 1013 versum
1557 968 1639 1012 168

247 1047 413 1106 pariter
435 1050 564 1104 atque
590 1047 674 1091 172
698 1061 751 1091 ex
774 1061 900 1106 anap.
924 1047 1107 1092 dimetro
1129 1049 1211 1091 cat.
1235 1032 1278 1090 et
1302 1047 1431 1091 iamb.
1453 1047 1642 1105 tripodia

248 1130 348 1183 cat.,
382 1126 448 1170 de.
467 1126 587 1170 cuius
621 1126 750 1169 metri
782 1140 864 1170 usu
894 1125 1095 1170 Plautino
1127 1137 1213 1169 non
1245 1124 1527 1170 dubitandum
1559 1130 1640 1183 est,

248 1208 445 1250 constare
477 1207 521 1249 et
551 1218 702 1249 versus
727 1205 971 1249 169-171
1009 1218 1031 1248 0
1062 1204 1192 1249 iamb.
1216 1203 1318 1248 dim.
1342 1217 1404 1248 ac.
1436 1208 1479 1248 et
1503 1205 1637 1250 iamb.

247 1283 437 1342 tripodia
467 1286 549 1327 cat.
583 1283 843 1340 compositos
875 1296 968 1327 esse
1000 1296 1170 1326 mecum
1200 1282 1362 1327 credes.
1423 1281 1542 1326 Idem
1573 1282 1636 1326 Fl.

247 1362 379 1407 etiam
412 1360 530 1405 Trin.
550 1362 653 1405 262.
688 1361 899 1405 secundae
931 1361 1043 1405 arcis
1075 1361 1330 1405 solutionem
1362 1364 1461 1405 ante
1492 1360 1638 1406 dihae-

247 1440 365 1485 resin
396 1440 555 1484 factam
588 1440 759 1484 statuit:

468 1517 635 1555 Goututu
660 1527 784 1565 neque
809 1528 895 1573 eum
921 1516 994 1554 sibi
1020 1517 1155 1554 volunt
1178 1516 1254 1554 dici
1279 1517 1453 1564 amicum,

246 1590 295 1630 ut
325 1586 384 1631 ib.
408 1587 499 1631 260
518 1585 592 1630 R.:

467 1661 587 1700 Amor
610 1662 728 1699 amari
752 1661 821 1699 dat
843 1665 982 1709 tamen,
1007 1662 1101 1700 satis
1126 1661 1229 1709 quod
1253 1662 1306 1699 sit
1327 1673 1451 1710 aegre,

245 1741 472 1796 praeterea
502 1737 548 1781 in
581 1751 630 1782 eo
663 1750 860 1795 peccans,
893 1737 1007 1794 quod
1039 1751 1160 1782 amor
1180 1738 1298 1782 vocis
1328 1737 1541 1782 ultimam·
1559 1740 1636 1784 sub

245 1817 334 1861 ictu
375 1819 620 1874 correptam
658 1816 808 1860 voluit.
858 1815 1038 1861 Videtur
1070 1819 1214 1861 autem
1252 1819 1368 1860 totus
1404 1816 1473 1861 1110
1503 1817 1636 1874 locus,

246 1896 367 1940 cuius
407 1895 742 1953 descriptionem
773 1895 1109 1940 Ritschelianam
1146 1895 1277 1939 etiam
1309 1894 1394 1939 alia
1424 1895 1477 1940 de
1508 1909 1637 1941 causa

246 1975 449 2019 vitiosam
490 1988 584 2019 esse
623 1988 726 2019 mox
758 1975 1020 2031 videbimus,
1059 1974 1182 2019 libris
1222 1974 1400 2020 ducibus
1437 1974 1517 2020 hoc
1546 1976 1636 2021 fere

245 2054 372 2099 modo
404 2052 610 2109 legendus
642 2067 757 2098 esse:

294 2129 414 2168 Amor
438 2129 556 2168 amari
581 2129 647 2167 dat
672 2132 798 2167 tamen
824 2128 905 2167 sati'
931 2129 1033 2177 quod
1058 2131 1109 2169 sit
1134 2141 1248 2180 aegre
1320 2125 1322 2127 ’

866 2191 992 2234 (iamb.
1013 2190 1104 2228 dim.
1120 2203 1178 2229 ac.
1197 2202 1282 2229 cum
1300 2191 1413 2228 iamb.
1430 2190 1518 2238 trip.
1535 2195 1585 2237 0.)

294 2252 416 2299 Γυςῖπ
440 2250 572 2297 forum,
599 2250 705 2298 fug-{t
730 2261 819 2288 suos
844 2255 1027 2299 cognatos
1052 2253 1178 2299 (anap.
1196 2251 1288 2289 dim.
1305 2254 1354 2296 0.)

465 2312 590 2358 Fugat
614 2312 695 2358 ipse
721 2322 762 2348 se
786 2323 810 2348 a
834 2322 904 2349 suo
930 2315 1088 2350 contutu
1115 2313 1166 2357 (b.
1184 2313 1300 2357 trim.)

292 2373 425 2419 Neque
451 2381 538 2408 eum
565 2371 638 2408 sibi
663 2371 825 2408 amicum
851 2371 983 2409 volunt
1008 2372 1085 2409 dici
1111 2374 1234 2420 (anap.
1253 2372 1342 2409 dim.
1361 2374 1434 2419 ac.)

463 2431 568 2469 Mille
593 2431 714 2469 modis
739 2429 844 2470 amor
868 2431 1120 2480 ignorandust
1146 2434 1196 2479 (b.
1211 2434 1328 2480 trim.)

463 2492 603 2529 Procul
628 2492 823 2530 abdendus
848 2496 963 2541 atque
987 2493 1264 2532 abstinendust.

334 2568 500 2615 Eadem
531 2568 585 2613 de
617 2581 745 2613 causa
775 2569 820 2613 in
851 2567 1053 2614 Pseudoli
1084 2583 1212 2615 versu
1244 2571 1383 2627 1129,
1425 2570 1461 2614 si
1493 2570 1555 2614 ita
1584 2573 1634 2613 ut
