1848 3081
893 161 948 203 14

275 280 482 327 Luxantur,
509 280 726 326 lustrantur,
753 280 957 317 comedunt
982 279 1085 327 quod
1109 278 1269 317 habent:
1294 280 1330 319 ei
1355 290 1491 318 nomen
1516 279 1582 317 diu

1375 349 1435 393 (tr.
1453 348 1566 394 sept.)

446 412 650 451 Servitutis
674 412 812 450 ferunt.
840 414 907 457 (er.
924 412 1031 459 dim.)

316 495 357 538 8.
400 493 450 537 In
483 494 602 538 exitu
626 507 777 538 versus
808 508 1029 551 nunquam
1059 492 1237 538 Plautus
1269 508 1324 539 ne
1356 495 1614 539 continuatis

223 572 396 628 quidem
443 573 635 617 numeris
680 573 918 617 bacchiaeis
959 573 1168 617 secundae
1206 572 1316 617 arsis
1359 574 1614 619 solutionem

224 650 412 695 admisit.
458 651 590 696 Cuius
622 652 792 708 generis
825 652 939 709 quod
969 665 1102 696 unum
1135 652 1249 710 apud
1270 651 1320 697 R.
1350 652 1508 709 legitur
1538 667 1613 698 ex-

224 730 414 788 emplum
447 731 565 775 Trin.
589 732 692 775 277.

350 808 464 845 Pater
489 808 643 846 adsum:
670 809 813 854 impera.
837 807 990 854 quidvis
1017 818 1140 855 neque
1165 818 1230 846 ero
1255 808 1295 845 in
1322 819 1425 846 mora
1448 808 1519 846 tibi

224 900 250 931 a
285 887 407 932 libris
439 888 603 934 nullam
634 888 762 934 fidem
795 888 946 946 habet,
986 889 1140 947 quibus
1172 888 1350 934 ducibus
1381 889 1522 934 locum
1554 889 1616 934 sie

226 967 386 1012 scribo:

324 1045 438 1082 Pater
461 1045 615 1082 adsum:
641 1045 786 1092 impera
846 1045 1005 1090 Quidvis
1029 1056 1153 1092 neque
1178 1045 1249 1083 tibi
1275 1046 1327 1091 (11
1342 1049 1449 1084 trost.
1463 1045 1552 1092 trip.
1566 1048 1616 1090 e.)

271 1111 347 1148 Ero
369 1114 410 1147 ῑ11
437 1122 540 1148 mora
566 1122 690 1158 neque
715 1112 903 1149 latebrose
928 1122 988 1148 me
1012 1112 1081 1149 abs
1097 1115 1164 1149 tuo
1181 1115 1388 1158 conspeetu
1405 1111 1616 1150 occultabo.

1397 1180 1457 1223 (tr.
1475 1178 1565 1223 oet.)

316 1258 358 1302 9.
408 1256 578 1303 Pariter
609 1257 788 1305 Plautus
819 1262 890 1316 ut,
923 1259 1037 1316 quod
1068 1260 1224 1317 seiam,
1255 1261 1302 1304 in
1334 1259 1487 1305 ceteris
1518 1273 1614 1304 ver-

225 1349 352 1379 suum
384 1338 612 1392 generibus
644 1339 706 1381 ita
738 1339 783 1381 in
814 1338 1051 1382 baeehiaeis
1083 1339 1291 1383 abstinuit
1312 1338 1613 1396 hypermetris.

222 1413 363 1459 Huius
396 1430 563 1473 quoque
595 1417 765 1471 generis
796 1431 930 1461 unum
963 1417 1114 1462 statuit
1139 1416 1190 1462 R.
1225 1417 1485 1475 exemplum,
1515 1430 1613 1461 eum

222 1491 424 1537 Pseudoli
455 1494 597 1538 locum
634 1496 751 1539 1314
773 1508 836 1552 sq.
871 1496 932 1539 sie
964 1496 1129 1551 ederet:

322 1569 375 1606 At
399 1570 566 1617 negabas
591 1571 768 1608 daturum
793 1582 876 1609 esse
901 1575 939 1609 te
967 1571 1059 1609 mihi
1079 1575 1186 1616 (eret.
1200 1572 1291 1610 dim.
1305 1583 1390 1610 eum
1403 1575 1451 1609 tr.
1464 1571 1552 1618 trip.
1565 1572 1614 1617 e.)

206 1659 208 1661 >
275 1636 419 1673 Tamen
445 1636 541 1673 das?
571 1637 757 1674 Derides?
783 1638 875 1684 quid
899 1637 972 1674 hoe
997 1638 1186 1675 Pseudule
1211 1637 1386 1675 aufersne
1411 1637 1462 1683 (b.
1480 1639 1580 1681 tetr.)

271 1702 354 1740 Abs
379 1706 445 1740 tuo
471 1703 564 1741 ero?
602 1703 881 1742 Lubentissimo
908 1705 1021 1742 eorde
1046 1708 1160 1752 atque
1184 1704 1321 1751 animo,

221 1772 334 1829 quod
368 1773 614 1830 exemplum
645 1773 768 1817 libris
802 1774 980 1818 ducibus
1011 1773 1092 1818 hoe
1122 1774 1248 1818 modo
1281 1787 1500 1818 removeo=

267 1848 320 1885 At
346 1848 513 1896 negabas
539 1849 715 1886 daturum
741 1860 825 1887 esse
850 1853 889 1887 te
915 1850 985 1887 mi:
1013 1853 1138 1887 tamen
1163 1850 1259 1887 das?
1285 1851 1352 1895 (er.
1370 1852 1472 1896 tetr.)

438 1915 565 1959 Quid?
597 1916 670 1953 hoe
695 1915 843 1953 auferre
868 1917 951 1962 vin,
985 1918 1101 1962 (nonz
1127 1918 1171 1953 B.
1194 1918 1234 1954 0.
1253 1918 1309 1964 D3
1336 1919 1383 1953 tr.
1400 1917 1487 1963 trip.
1506 1920 1561 1962 e.)

438 1981 641 2028 Pseudole,
667 1981 734 2019 abs
759 1985 825 2020 tuo
852 1983 943 2020 ero?
969 1984 1036 2028 (er.
1054 1982 1145 2019 dim.
1163 1985 1213 2027 e.)

344 2048 624 2085 Lubentissimo
651 2049 764 2086 corde
790 2052 904 2095 atque
929 2050 1054 2087 animo
1082 2049 1132 2095 (b.
1150 2050 1285 2097 trim.);

218 2131 318 2161 nam
355 2115 598 2174 „derides“,
631 2131 735 2160 num
766 2118 849 2161 hue
874 2131 928 2161 ex
948 2132 1076 2162 versu
1102 2120 1234 2176 1309,
1266 2119 1341 2163 ubi
1361 2132 1415 2163 ne
1436 2119 1481 2162 in
1502 2118 1608 2162 Am-

220 2198 419 2242 brosiano
444 2197 617 2254 quidem
639 2197 813 2254 legitur,
836 2197 1129 2243 asciscendum
1147 2199 1218 2256 sit,
1239 2212 1416 2257 prorsus
1433 2198 1608 2243 dubium

220 2280 297 2320 est.
363 2275 482 2320 Idem
521 2277 567 2319 in
600 2276 792 2321 eiusdem
824 2276 992 2321 fabulae
1025 2278 1144 2321 exitu
1177 2278 1306 2321 etiam
1339 2280 1442 2321 eret.
1474 2280 1608 2321 tetra-

217 2360 405 2401 metrum
438 2356 762 2413 hypermetrum
795 2356 1021 2401 admittere
1052 2371 1180 2415 posse
1213 2356 1295 2401 sibi
1328 2357 1443 2402 visus
1476 2361 1560 2402 est:

389 2432 531 2470 Verum
557 2432 589 2469 si
614 2432 727 2470 voltis
751 2431 979 2479 adplaudere
1004 2436 1119 2480 atque
1144 2431 1352 2479 adprobare
1441 2429 1443 2431 “

392 2500 504 2537 Hune
529 2510 683 2546 gregem
709 2503 747 2536 et
772 2498 946 2546 fabulam,
974 2500 1012 2536 in
1038 2500 1242 2537 erastinum
1268 2511 1337 2537 vos
1360 2511 1475 2547 voe03

216 2568 291 2614 sed
331 2567 510 2613 dubium
550 2581 644 2613 esse
682 2582 768 2612 non
808 2571 972 2626 potest,
1012 2568 1115 2626 quin
1151 2568 1196 2612 hi
1227 2582 1376 2613 versus
1410 2567 1603 2627 „sultis“
