1848 3081
903 174 961 219 26

287 294 407 331 Binae
432 294 593 340 singulis
618 298 715 340 quae
740 293 852 330 datae
876 293 1036 330 ancillae
1056 293 1178 340 nobis,
1198 293 1215 340 ΙΙ
1245 294 1405 339 (b.tetr.,
1422 292 1520 329 Bzd.
1530 303 1567 328 n.
1577 293 1627 338 a.)

386 354 463 390 Eae
489 364 559 391 nos
583 353 743 390 lavando
769 353 929 391 eluendo
955 353 1007 397 (b.
1024 353 1140 398 trim.)

458 413 619 460 Operam
645 414 843 460 dederunt,
870 413 887 461 Η
917 413 955 458 (i.
974 413 1062 459 trip.
1080 414 1128 458 c.)

407 473 719 521 Aggerundaque
743 484 843 521 aqua
867 475 934 520 (cr.
951 473 1057 519 dim.)

362 532 458 570 Sunt
482 534 555 571 viri
580 534 657 571 duo
682 533 833 572 defessi.
864 533 882 582 ΙΙ
910 536 971 580 (π.
988 533 1078 570 dim.
1095 534 1167 580 ao.)

239 613 307 657 De
338 612 467 657 Poen.
491 614 524 657 Ι.
552 616 589 657 1.
615 615 687 658 21.
721 615 775 658 cf.
797 614 831 658 Ι.
854 615 904 668 33
935 615 994 659 ib.
1025 615 1081 659 36
1105 628 1169 672 sq.

361 690 456 727 Item
481 701 551 728 nos
576 702 707 728 sumus
735 690 773 739 ss:
801 690 883 729 eius
908 692 1063 728 seminis
1088 691 1263 728 mulieres
1287 695 1376 728 sunt
1401 690 1420 737 11

1137 751 1190 796 (b.
1208 753 1294 788 tetr.
1322 749 1370 787 of.
1389 750 1456 787 111.
1473 751 1508 787 2.
1526 751 1576 796 2.)

363 811 533 849 Insulsae
558 811 760 849 admodum
785 813 899 859 atque
924 810 1160 849 invenustae.
1186 810 1206 859 ΙΙ
1235 811 1288 857 (b.
1304 811 1419 857 πίω.)

237 884 298 929 Ib.
328 886 387 930 46
411 880 474 943 Sq.

288 960 306 1008 ΙΙ
333 962 482 1009 Ecquid
506 963 662 1010 gratiae,
688 974 803 1010 quom
827 962 903 1000 huo
928 961 1030 1000 foras
1054 965 1094 1000 te
1118 962 1302 1000 evocavi?
1328 962 1485 1008 (bsetr.)

358 1023 437 1059 Iam
462 1033 564 1060 nuno
589 1033 649 1059 me
674 1023 786 1060 decet
809 1023 942 1060 donari
969 1022 988 1069 ll
1017 1024 1078 1068 (tr.
1095 1023 1186 1059 dim.
1205 1023 1278 1068 ae.)

287 1082 390 1120 Cado
416 1082 487 1120 viri
513 1083 671 1121 veteris:
697 1083 759 1121 dio
784 1083 881 1120 dari:
907 1083 960 1119 nil
987 1083 1219 1129 respondes?
1245 1082 1297 1129 (b.
1314 1083 1416 1128 tetr.)

356 1143 505 1189 Lingua
529 1143 617 1179 huie
644 1143 795 1189 excidit,
821 1146 864 1180 ut
888 1153 960 1190 ego
986 1143 1129 1189 opinor.
1159 1142 1178 1189 ΙΙ
1206 1142 1258 1187 (b.
1274 1142 1391 1188 trim.)

237 1223 362 1267 Truo.
384 1222 457 1267 IV.
481 1224 523 1268 2.
550 1223 651 1268 155.

284 1300 428 1345 Lepide
446 1298 628 1344 ediciam,
647 1309 730 1335 mea
747 1309 821 1345 era,
841 1298 1019 1344 officium,
1036 1299 1124 1335 vide
1140 1302 1243 1335 intus
1261 1299 1384 1345 modo,
1401 1301 1442 1335 iit
1457 1301 1498 1335 tu
1515 1302 1622 1335 tuum

995 1357 1013 1406 ΙΙ
1038 1358 1128 1395 item
1155 1357 1317 1396 ecficias.
1344 1361 1465 1405 (anap.
1484 1360 1574 1404 oet.)

358 1419 456 1456 Ama
481 1419 531 1465 id,
557 1419 660 1465 quod
684 1419 796 1456 decet
820 1430 898 1456 rem
924 1422 1027 1456 tuam
1053 1419 1164 1456 istam
1189 1418 1350 1455 exinani.
1371 1419 1389 1466 ΙΙ
1418 1419 1470 1465 (b.
1486 1421 1589 1465 tetr.)

453 1480 564 1518 Nune
590 1480 680 1517 dum
706 1480 769 1517 isti
795 1479 901 1517 lubet
925 1472 1012 1516 dum
1038 1479 1163 1526 habet,
1187 1482 1338 1527 tempus
1363 1480 1415 1526 (b.
1433 1479 1549 1526 trim.)

525 1541 573 1577 Ei
597 1541 651 1578 rei
677 1540 934 1578 secundumst.
964 1539 981 1588 ΙΙ
1011 1539 1060 1586 (b.
1080 1540 1186 1585 dim.)

234 1614 359 1659 Truo.
382 1613 435 1658 ΙΙ.
458 1614 501 1659 5.
528 1616 598 1659 10.

404 1691 563 1728 Vosmet
587 1691 661 1728 iam
687 1691 837 1738 videtis,
864 1691 915 1737 (b.
934 1691 1039 1737 dim.)

355 1751 406 1788 Ut
430 1755 561 1788 ornata
585 1752 741 1800 ineed03
767 1751 967 1798 puerperio
995 1751 1013 1799 ΙΙ
1042 1751 1093 1796 (b.
1110 1751 1227 1798 πίω.)

402 1812 484 1858 Ego
510 1822 611 1848 nuno
636 1822 696 1848 me
721 1822 804 1849 esse
828 1823 980 1859 aegram
1005 1812 1190 1849 adsimulo
1216 1814 1338 1858 (anap.
1357 1812 1446 1848 dim.
1466 1814 1515 1857 e.)

405 1871 438 1916 (‘?
453 1871 535 1918 Ego
561 1882 662 1908 nuno
688 1872 774 1909 med
798 1882 882 1909 esse
906 1882 1056 1919 aegram
1082 1872 1198 1919 ads.);

232 1945 285 1990 de
316 1944 471 1990 Pseud.
506 1947 623 1990 1270
653 1961 716 2003 sq.
768 1947 821 1990 of.
851 1946 904 1990 ΙΙ.
932 1949 969 1990 1.
997 1948 1035 1990 1.
1107 1946 1335 2005 Duplioem
1373 1960 1619 1990 mensuram

232 2024 467 2068 admittunt
496 2024 542 2068 hi
571 2025 675 2069 loci:
715 2024 819 2070 cist.
841 2024 914 2069 IV.
938 2027 979 2070 2.
1004 2026 1076 2070 29.

280 2100 355 2138 Sed
389 2101 421 2138 is
446 2100 517 2138 hac
542 2101 603 2148 iit,
636 2101 707 2138 hac
732 2102 835 2139 socci
861 2102 973 2140 video
998 2102 1200 2149 vestigium
1226 2102 1266 2139 in
1289 2101 1463 2149 pulvere:
1496 2112 1618 2149 perse-

1033 2173 1127 2210 quar
1150 2162 1233 2199 hac.
1263 2162 1280 2211 ΙΙ
1309 2164 1433 2209 (anap.
1451 2164 1541 2208 oet.)

326 2223 370 2259 In
395 2221 468 2260 hoe
493 2222 567 2259 iam
592 2222 677 2261 loco
704 2233 789 2260 oum
812 2222 933 2272 valtero
958 2223 1145 2261 constitit:
1171 2223 1235 2261 hio
1259 2223 1311 2270 (b.
1329 2225 1433 2269 tetr.)

375 2283 470 2320 Meis
495 2283 607 2320 turba
634 2282 653 2331 ΙΙ
682 2283 800 2321 oeulis
826 2283 938 2321 modo
964 2294 1005 2321 se
1030 2284 1181 2321 obiecit.
1212 2283 1229 2331 ΙΙ
1259 2283 1309 2328 (b.
1328 2284 1443 2329 trim.)
1540 2314 1560 2350 3,

374 2343 470 2380 Meis
495 2343 606 2380 turba
631 2343 751 2381 oculis
776 2343 888 2381 modo
914 2354 954 2381 se
980 2344 1132 2382 obiecit.
1160 2346 1284 2390 (anap.
1302 2343 1391 2380 dim.
1409 2346 1482 2390 ao.)
1503 2294 1515 2386 ξ

276 2404 409 2450 Neque
425 2414 579 2450 prosum
593 2404 679 2440 iniit
689 2403 777 2441 hae:
796 2405 858 2441 hio
872 2405 995 2441 stetit:
1013 2404 1103 2441 hino
1115 2405 1203 2442 illue
1214 2404 1324 2442 exiit:
1341 2404 1405 2441 hie
1419 2404 1437 2453 ΙΙ
1454 2405 1494 2450 (i.
1504 2406 1615 2451 sept.)

325 2464 536 2501 Concilium
562 2463 648 2500 fuit.
675 2464 808 2508 (trooh.
826 2466 913 2512 trip.
928 2467 977 2511 c.)

324 2524 387 2562 Ad
413 2525 509 2562 duos
533 2524 695 2562 adtinet:
721 2524 761 2561 hi
786 2526 852 2572 qui
876 2526 990 2562 sunt?
1016 2527 1083 2570 (or.
1100 2525 1217 2570 trim.)

373 2585 483 2622 Attat
507 2586 697 2634 singulum
715 2586 826 2623 video
843 2586 1057 2634 vestigium.
1079 2585 1096 2634 ΙΙ
1122 2587 1181 2631 (π.
1196 2585 1283 2633 trip.
1298 2595 1329 2622 e.
1344 2595 1430 2622 cum
1443 2584 1614 2629 Gladim.)
