1848 3081
776 191 988 258 „ii—1&

192 311 289 356 Cas.
310 309 365 355 Π.
392 311 430 354 1.
454 311 496 355 8.

386 380 469 428 Ego
493 380 597 418 illum
623 380 733 427 fame,
750 381 769 427 ΙΙ
782 381 866 429 Ego
890 380 995 417 illum
1021 381 1096 427 siti,
1121 382 1171 426 (11
1188 382 1225 419 b.
1242 382 1333 419 dim.
1351 385 1400 428 c.)

336 440 556 488 Maledictis,
581 440 791 481 malefactis
815 444 1018 479 amatorem
1044 441 1213 479 ulciscar.
1240 442 1291 487 (b.
1308 445 1413 488 tetr.)

191 482 319 562 Epid.
340 501 394 547 11.
421 505 460 548 1.
483 505 524 548 3.

240 572 340 618 Quid
365 576 424 610 est
447 574 549 621 quod
573 574 792 626 pudendum
817 574 891 612 siet
913 584 1055 622 genere
1080 576 1205 611 natam
1232 574 1282 620 (b.
1300 577 1402 621 tetr.)

336 634 444 672 Bono
467 645 669 682 pauperem
719 635 881 673 Domum
897 635 916 681 ΙΙ
931 634 1070 673 ducere
1096 635 1147 681 (II
1163 635 1200 672 b.
1218 635 1308 672 dim.
1326 638 1375 681 e.)

240 693 416 741 Uxorem,
440 695 660 741 praesertim
676 704 771 742 eam,
788 705 865 742 qua
880 705 928 732 ex
942 695 1014 732 tibi
1032 705 1301 732 commemores
1316 696 1335 741 ΙΙ
1350 695 1458 742 hanc,
1475 706 1572 742 quae

991 755 1132 793 domist
1157 757 1217 801 (tr.
1236 756 1348 802 sept.)

335 814 470 851 Filiam
483 806 747 861 prognatam?
795 815 985 852 Revereor
1007 814 1138 852 filium.
1156 816 1174 861 ΙΙ
1191 817 1255 861 (cr.
1274 818 1376 861 tetr.)

190 874 309 921 Pers.
333 877 435 921 810.

239 948 345 985 Persi
369 948 531 995 perculit
554 959 614 985 me
639 958 768 995 prope.
818 948 914 986 Hem
941 959 1050 986 serva
1074 960 1214 986 rusum.
1241 949 1292 994 (b.
1311 952 1413 994 tetr.)

336 1008 483 1045 Delude
508 1011 552 1045 ut
574 1008 681 1045 lubet
727 1008 825 1045 Erus
849 1009 938 1045 dum
964 1008 1053 1045 hinc
1078 1009 1187 1046 abest
1212 1010 1264 1054 (ΙΙ
1280 1009 1319 1047 b.
1336 1010 1425 1046 dim.
1444 1012 1492 1054 c.)

336 1068 460 1106 Viden
484 1072 527 1106 ut
551 1069 627 1107 tuis
652 1069 764 1106 dictis
788 1069 928 1116 pareo?
953 1069 992 1115 (i.
1011 1070 1100 1107 dim.
1119 1072 1191 1116 ac.)

191 1141 250 1186 Ut
286 1143 363 1187 hos
393 1142 550 1188 Persae
581 1146 731 1188 versus
772 1145 862 1187 sine
903 1144 1030 1189 dubio
1071 1145 1200 1188 etiam
1242 1147 1315 1202 qui
1348 1147 1409 1190 eis
1442 1147 1571 1190 vicini

192 1220 305 1265 S'unt.
339 1222 452 1265 809:
497 1226 619 1273 Pergo
643 1229 686 1262 ut
710 1218 899 1272 coeperas.
948 1226 1043 1272 Hoc,
1066 1226 1164 1272 leno,
1189 1227 1271 1270 tibi,

192 1300 265 1356 qui
285 1313 363 1358 per
380 1313 425 1344 sc
442 1300 571 1344 etiam
592 1300 727 1344 troch.
744 1300 956 1358 tripodiae
973 1304 1054 1345 cat.
1074 1314 1166 1345 esse
1182 1305 1377 1359 possunt,
1392 1300 1571 1346 Plautus

190 1378 318 1423 huius
349 1379 518 1435 generis
550 1393 643 1424 esse
674 1379 823 1424 voluit.

282 1457 641 1502 chametrorum
658 1458 801 1503 bacch.
813 1462 895 1501 cat.
907 1462 1071 1502 certum
1088 1458 1332 1515 exemplum
1348 1473 1434 1502 non
1448 1460 1571 1503 novi:

192 1536 244 1580 de
261 1536 420 1595 Amph.
438 1538 541 1581 638.
574 1537 627 1581 cf.
645 1536 697 1581 II.
715 1539 765 1591 43
798 1551 906 1595 quae
926 1540 1150 1595 practerea
1165 1538 1279 1595 apud
1295 1537 1345 1581 R.
1363 1541 1406 1582 et
1421 1537 1572 1582 Fleck-

193 1615 384 1660 eisenum
415 1615 637 1673 leguntur,
675 1616 729 1660 de
761 1616 822 1661 eis
855 1616 981 1660 aliter
1012 1615 1286 1660 statuendum
1318 1630 1411 1660 esse
1443 1630 1574 1674 supra

192 1694 400 1739 vidimus:
433 1695 486 1739 de
506 1694 619 1739 Men.
638 1696 741 1739 972.
774 1696 827 1740 cf.
845 1695 918 1760 ΠΙ.
941 1697 979 1739 1.
1002 1698 1040 1738 1.
1072 1694 1227 1739 Pseud.
1250 1695 1379 1739 1264.
1412 1695 1465 1738 cf.
1481 1694 1515 1738 Ι.
1531 1696 1572 1739 2.

195 1774 325 1817 1266.
359 1773 411 1817 cf.
429 1773 460 1816 Ι.
482 1775 522 1817 7.

843 1849 929 1906 1V.

288 1961 327 2003 1.
366 1958 511 2003 Unum
541 1959 864 2004 bacchiacorum
886 1973 1087 2003 versuum
1116 1973 1250 2015 genus
1271 1963 1421 2017 restat,
1453 1961 1574 2005 cuius

193 2039 280 2083 iam
300 2039 537 2095 identidem
557 2039 818 2083 mentionem
838 2038 1031 2083 fecimus.
1071 2038 1438 2090 Quemadmodum
1460 2040 1573 2083 enim

194 2116 395 2161 Plautum
432 2131 518 2161 non
556 2131 654 2161 raro
686 2117 880 2162 versibus
921 2131 973 2161 ex
1006 2120 1109 2160 cret.
1138 2117 1321 2161 dimetro
1360 2122 1403 2161 et
1438 2118 1573 2162 troch.

193 2196 381 2253 tripodia
402 2199 483 2240 cat.
501 2196 749 2254 compositis
771 2209 896 2239 usum
914 2209 1007 2239 esse
1029 2199 1208 2252 constat,
1225 2196 1287 2239 ita
1308 2210 1406 2240 eum
1428 2196 1573 2240 bacch.

193 2273 422 2318 dimetrum
463 2288 559 2318 cum
592 2274 723 2318 simili
760 2278 921 2330 metm,
962 2275 1082 2318 cuius
1113 2288 1319 2318 numerus
1351 2275 1574 2319 bacchiaco

193 2355 398 2408 cognatus
431 2356 497 2396 est
527 2356 575 2396 ut
605 2352 844 2396 trochaicus
876 2352 1048 2407 cretico,
1080 2352 1208 2397 iamb.
1231 2352 1463 2411 tripodium
1491 2356 1572 2397 cat.

193 2430 311 2488 dico,
350 2432 396 2475 in
428 2432 575 2476 eodem
606 2446 735 2476 versu
768 2431 1040 2476 coniunxisse
1073 2435 1115 2475 et
1146 2436 1475 2476 consentaneum
1509 2436 1574 2476 est

194 2513 237 2553 et
266 2510 501 2555 multorum
531 2510 721 2554 locorum
743 2507 955 2555 tralaticia
977 2510 1190 2567 scriptura
1209 2510 1427 2568 probatur.
1481 2510 1572 2554 Iam

194 2586 373 2633 Bothius
405 2590 474 2635 hic
502 2589 592 2642 illic
621 2589 748 2633 huius
781 2589 949 2645 generis
979 2588 1129 2632 versus
1161 2589 1349 2645 agnovit,
1383 2589 1457 2633 sed
1488 2604 1574 2634 non
