1848 3081
896 185 954 228 46

620 300 671 338 Ut
694 300 816 338 nubat
839 301 948 339 mihi:
974 302 1062 340 illuc
1087 303 1241 350 quidem
1266 303 1440 343 volebam
1465 302 1581 349 (bai)
1611 346 1613 349 ,

618 361 713 408 Non,
739 362 807 399 sed
831 366 960 399 nostro
984 362 1098 401 vilico
1114 363 1132 410 ΙΙ
1162 364 1224 409 (tr.
1242 363 1333 402 dim.
1350 366 1400 409 c.)

621 422 819 469 Saepicule
844 433 993 468 peccas.
1031 423 1161 461 Timor
1424 446 1426 449 «

572 483 775 529 Praepedit
797 482 930 520 verba:
956 494 1087 520 verum
1112 483 1280 530 obsecro,
1297 484 1316 530 ΙΙ
1345 487 1412 528 (cr.
1429 483 1547 530 trim.)

229 536 444 582 Cist.1.1.
468 540 538 583 11.
568 543 586 589 ιι
609 543 668 580 Ita
691 543 730 579 in
756 542 914 589 prandio
939 554 1009 581 nos
1034 544 1158 590 lepide
1184 532 1299 590 atq‘m
1323 544 1478 591 miden
1506 542 1557 590 (b.
1577 544 1619 589 i.)

310 599 368 643 ib.
392 600 464 642 37.
569 603 719 650 Aquam
744 602 920 650 frigidam
947 603 1107 641 subdole
1132 603 1368 640 suffundunt.

228 660 382 704 Bacch.
405 662 509 705 618.
572 664 750 701 Inimicos
768 674 881 711 quam
898 665 1040 702 amicos
1056 669 1254 712 aequomst
1272 675 1330 702 me
1346 664 1496 711 habere,
1514 664 1568 710 (b.
1579 665 1619 711 i.)

571 723 689 761 Malos
714 734 826 771 quam
845 724 966 762 bonos
984 736 1052 771 par
1069 726 1189 773 magis
1208 735 1267 763 me
1284 726 1424 771 iuvare,
1452 724 1503 770 (b.
1517 726 1619 770 tetr.)

231 807 413 850 quorum
435 806 639 837 versuum
669 793 884 851 posterior
915 794 1108 838 eiusdem
1139 796 1307 850 generis
1341 798 1469 851 atque
1500 794 1620 852 prior

229 876 309 928 est,
342 872 378 915 si
414 870 608 928 „magis“
642 885 721 929 pro
755 872 896 916 iambo
929 872 1123 917 habetur.

259 944 412 988 Bacch.
440 945 571 988 1130.
685 947 808 985 Viden
834 948 973 986 limulis
998 949 1155 986 obsecro
1182 952 1224 986 ut
1248 949 1456 986 intuentur.

257 1015 414 1060 Pseud.
441 1017 556 1061 1127
575 1030 638 1073 sq.

276 1093 376 1130 Dum
402 1093 527 1139 datur,
553 1093 643 1130 dum
670 1093 768 1130 calet
792 1093 964 1130 devorari
988 1093 1100 1131 decet
1124 1094 1210 1131 iam.
1227 1095 1304 1138 (B.:
1330 1097 1433 1140 tam„
1459 1094 1496 1132 b.
1515 1096 1618 1140 tetr.)

373 1153 471 1190 Boni
497 1164 557 1190 me
583 1153 655 1189 viri
680 1157 901 1200 pauperant,
927 1153 1090 1200 improbi
1115 1153 1238 1190 alunt:
1267 1153 1318 1198 (b.
1337 1154 1378 1198 i.)

372 1214 492 1259 Poplo
517 1213 662 1250 strenui
688 1213 739 1248 mi
764 1213 926 1259 improbi
951 1214 1037 1250 usui
1062 1216 1163 1250 sunt.
1312 1241 1330 1260 „

259 1275 316 1320 ib.
345 1276 475 1320 1262.
523 1279 636 1316 Manu
662 1279 825 1316 candida
849 1279 1068 1316 cantharum
1093 1277 1331 1316 dulciferum.
1357 1279 1410 1325 (b.
1428 1279 1469 1324 i.)

227 1348 306 1391 Illa
358 1347 557 1405 exempla
607 1360 809 1412 versuum
863 1349 955 1391 eius
1008 1348 1177 1403 generis
1230 1352 1374 1404 erant,
1436 1348 1481 1390 in
1534 1361 1617 1404 quo

227 1427 267 1471 b.
302 1427 484 1470 dimeter
514 1426 644 1470 iamb.
678 1426 769 1470 eolo
811 1426 1043 1479 anteeedit3
1085 1426 1262 1470 alterius
1301 1426 1471 1481 generis
1513 1426 1617 1470 haec

228 1509 348 1549 sunt:
381 1504 509 1548 Most.
527 1506 614 1548 331
648 1504 701 1548 cf.
723 1503 776 1548 H.
797 1506 838 1549 2.
860 1508 898 1548 1.
921 1504 1047 1549 Truc.
1064 1503 1117 1548 Π.
1136 1506 1178 1549 5.
1202 1505 1255 1548 12
1270 1518 1333 1562 sq.
1363 1505 1417 1549 cf.
1440 1504 1492 1548 ΙΙ.
1512 1505 1553 1549 3.
1573 1505 1615 1548 3.

257 1584 416 1641 Amph.
439 1583 491 1626 Π.
520 1586 557 1626 1.
581 1584 624 1626 5.

396 1658 506 1696 Facis
531 1662 573 1695 ut
598 1658 674 1695 tuis
699 1658 803 1695 nulla
827 1658 929 1705 apud
954 1662 992 1696 te
1016 1657 1112 1696 fides
1137 1658 1199 1696 sit.
1227 1659 1305 1704 (B.:
1332 1659 1382 1696 sit
1408 1657 1449 1704 f.)

257 1727 381 1786 Capt.
407 1729 509 1772 927.

396 1804 592 1850 Quomque
617 1803 712 1840 haec
737 1806 923 1849 repertast
947 1801 1043 1839 fides
1068 1801 1176 1839 firma
1201 1802 1323 1839 nobis.

257 1871 353 1916 Cas.
376 1871 450 1916 ΠΙ.
472 1873 515 1916 5.
541 1873 613 1916 28.

326 1949 344 1994 ΙΙ
372 1948 547 1984 Imitatur
571 1948 752 1984 malarum
780 1947 914 1983 malam
941 1946 1192 1992 disciplinam,
1220 1946 1271 1988 (b.
1289 1949 1392 1991 tetr.)

444 2007 537 2045 Viro
562 2018 631 2044 suo
656 2016 753 2054 quae
780 2007 879 2043 inter
894 2007 912 2052 ΙΙ
929 2006 1105 2042 minatur.
1143 2006 1242 2050 Quid
1267 2006 1386 2053 ergo?
1411 2006 1449 2052 (i.
1469 2006 1522 2051 b.)

316 2067 418 2105 Vah!
446 2067 545 2112 Quid
570 2067 655 2104 est?
671 2068 690 2113 ΙΙ
706 2066 926 2103 Inter-imore
951 2066 1006 2101 ait
1030 2066 1129 2102 velle
1155 2066 1289 2102 vitam:
1450 2094 1468 2114 ‚‚

274 2128 462 2166 Gladium.
480 2128 497 2174 ΙΙ
513 2128 621 2174 Hem,
647 2127 841 2174 gladium?
866 2126 958 2172 quid
983 2137 1069 2163 eum
1091 2126 1289 2175 gladium?
1314 2126 1450 2164 Habet.
1485 2127 1531 2163 Ei
1550 2127 1615 2164 mi-

695 2198 779 2224 sero
806 2186 915 2223 mihi:
941 2197 1009 2224 cur
1033 2197 1117 2224 eum
1142 2186 1270 2224 habet.
1286 2187 1305 2233 ss
1334 2188 1457 2233 (anap.
1476 2190 1565 2232 oct.)

254 2238 364 2282 Rud.
388 2238 420 2281 Ι.
445 2239 487 2281 3.
513 2239 553 2281 7.

321 2316 417 2352 Nam
443 2314 516 2350 hoc
541 2314 592 2350 mi
618 2313 711 2349 haut
735 2313 892 2350 laborist
916 2313 1084 2350 laborem
1109 2312 1211 2349 hunc
1235 2312 1360 2359 potiri,
1387 2313 1426 2358 (i.
1445 2313 1498 2359 b.)

322 2373 363 2411 Si
388 2385 479 2421 erga
503 2377 697 2420 parentem
724 2376 790 2410 aut
815 2373 907 2410 deos
934 2384 993 2410 me
1018 2372 1190 2418 impiavi:
1219 2372 1258 2416 (i.
1277 2372 1329 2418 b.)

272 2434 347 2472 Sed
372 2434 412 2471 id
437 2434 470 2471 si
495 2437 624 2481 parate
651 2433 779 2470 curavi
805 2436 848 2470 ut
872 2444 1056 2478 caverem,
1084 2431 1135 2477 (b.
1152 2435 1255 2478 tetr.)

319 2495 416 2531 Tum
443 2493 515 2531 hoc
540 2494 593 2530 mi
618 2494 795 2531 indecore
820 2494 949 2540 inique
975 2493 1198 2530 immodeste
1224 2493 1262 2536 (i.
1280 2492 1333 2537 b.)
1361 2503 1417 2539 sq.

224 2561 354 2608 Plura
385 2562 584 2622 exempla
616 2562 933 2608 communicare
964 2561 1113 2606 charta
1149 2561 1391 2620 prohibeor.

799 2722 1019 2740 *-
