1848 3081
863 169 919 212 43

206 290 268 335 At
290 291 425 333 recte·
444 302 490 333 se
520 289 649 334 habet
678 285 1052 335 Menaechmorum
1082 305 1232 336 versus
1260 293 1366 337 760:

392 364 493 409 Quas
517 364 550 402 si
574 368 764 403 autumem
789 367 912 404 omnis
936 366 1049 403 nimis
1072 366 1209 414 longus
1232 371 1402 414 sermon,

207 434 245 478 si
275 434 321 477 in
346 432 551 489 „longus“
576 435 693 478 vocis
725 435 845 478 exitu
874 453 895 479 ,ς
924 435 1070 479 littera
1100 436 1294 481 abicitur.

297 513 339 556 2.
380 510 557 557 Illorum
577 524 782 557 versuum
812 525 914 570 pars
944 513 1073 556 etiam
1105 513 1189 556 alia
1219 514 1272 558 de
1303 527 1432 558 causa
1458 514 1585 559 huius

204 591 373 646 generis
403 604 498 635 esse
528 604 616 635 non
645 594 808 648 potest3
846 591 1021 635 iambici
1052 592 1166 635 enim
1196 592 1278 636 coli
1308 593 1417 637 hanc
1445 593 1585 648 legem

205 682 321 725 esse,
360 671 411 713 ut
438 668 508 713 vel
546 669 593 712 in
631 669 774 726 prima
804 668 873 713 vel
906 669 1093 713 secunda
1123 670 1221 714 sede
1250 684 1385 728 purus
1417 671 1584 716 iambus

205 750 310 803 stet,
350 747 537 804 plurima
577 747 729 791 docere
767 748 967 791 videntur
1004 748 1223 804 exempla,
1261 763 1365 805 prae
1404 764 1584 805 quorum

202 824 477 869 multitudine
507 824 613 881 loci,
646 825 719 881 qui
750 824 835 881 legi
865 825 930 869 illi
962 829 1219 884 repugnant,
1250 827 1454 884 perpauci
1487 830 1587 870 sunt

203 906 331 960 atque
361 901 565 947 facillimo
596 904 768 960 negotio
800 904 1018 948 emendari
1049 907 1248 962 possunt3

263 979 386 1040 Oapt.
410 979 512 1026 296.
640 985 836 1034 Quomque
860 985 962 1024 hunc
987 986 1178 1033 conspicio
1197 986 1237 1023 in
1254 988 1439 1033 potestate
1457 989 1585 1024 nostra

338 1043 438 1097 (scr.
638 1047 834 1094 Quomque
850 1047 950 1084 hunc
967 1048 1006 1084 in
1022 1050 1209 1094 potestate
1221 1050 1350 1084 nostra
1361 1047 1583 1093 conspicio).

263 1103 358 1147 Cas.
374 1103 447 1147 HI.
465 1105 507 1148 5.
526 1105 598 1148 26.
637 1108 790 1144 Dicam:
817 1111 883 1144 tua
907 1108 1056 1153 ancilla,
1082 1117 1195 1153 quam
1220 1109 1287 1144 tuo
1312 1107 1426 1144 vilico
1450 1108 1511 1144 vis

380 1164 478 1217 (Sor.
637 1167 795 1214 „Dicam
825 1167 963 1204 ancilla
992 1171 1059 1204 tua
1091 1178 1204 1213 quam
1237 1170 1303 1204 tuo
1332 1167 1421 1213 sq.“,
1460 1171 1502 1204 ut
1532 1168 1583 1204 sit

563 1256 565 1258 ,
1144 1229 1229 1263 tetr.
1248 1228 1320 1270 ac.)

523 1284 595 1327 38.
635 1286 696 1323 Me
712 1285 888 1323 occidet?
911 1285 973 1323 An
990 1286 1182 1332 quippiam
1195 1286 1243 1322 ad
1256 1289 1295 1323 te
1308 1285 1481 1323 adtinet?
1497 1286 1580 1323 Vah

1042 1347 1129 1392 (scr.
1153 1346 1265 1393 Me[d]
1293 1346 1444 1384 occidet
1460 1347 1532 1393 sq.)

406 1404 478 1448 IV.
497 1405 539 1448 4.
559 1405 601 1448 8.
639 1406 772 1444 Facies
802 1409 845 1443 tu
874 1406 973 1443 hanc
1003 1417 1081 1443 rem
1113 1407 1165 1443 mi
1189 1417 1237 1443 ex
1261 1397 1392 1452 parata
1423 1407 1582 1452 impara-

850 1469 927 1503 tam
952 1468 1037 1511 (scr.
1061 1466 1195 1503 Facies
1218 1469 1261 1502 tu
1285 1465 1432 1512 hanc[e]
1460 1467 1533 1512 sq.)

262 1524 366 1568 Cist.
385 1523 456 1567 IV.
475 1525 516 1568 2.
539 1524 607 1567 19.
641 1525 715 1563 Sed
732 1536 886 1573 pergam
903 1529 946 1563 ut
963 1526 1068 1572 coepi
1086 1528 1230 1562 tamen:
1256 1525 1475 1572 quaeritabo
1494 1528 1579 1570 (scr.

1042 1585 1119 1623 Sed
1143 1596 1297 1633 pergam
1325 1585 1422 1632 [iam]
1448 1587 1520 1632 sq.)

259 1643 372 1689 Men.
397 1645 452 1689 77
456 1645 498 1690 2.
642 1646 717 1685 Sed
734 1646 916 1694 quicquid
933 1646 972 1683 id
990 1649 1059 1693 est,
1076 1646 1150 1683 iam
1166 1646 1302 1683 sciam:
1324 1649 1437 1693 atque
1454 1656 1581 1683 eccam

787 1717 939 1753 eampse
965 1709 1052 1751 (scr.
1078 1706 1154 1744 Sed
1179 1707 1218 1743 id
1243 1706 1424 1754 quicquid
1448 1709 1534 1753 sq.).

196 1778 264 1822 De
294 1777 417 1835 Capt.
440 1778 529 1822 923
562 1780 605 1821 et
634 1775 743 1820 Rud.
767 1776 855 1820 909
888 1776 941 1820 cf.
971 1775 1004 1819 I.
1027 1776 1070 1819 5.
1093 1774 1407 1820 ‘Mostellariae
1438 1779 1581 1820 autem

198 1870 346 1901 versus
376 1857 454 1900 86:

464 1931 774 1979 Argumentaque
797 1929 837 1966 in
861 1933 994 1976 pectus
1019 1930 1137 1967 multa
1159 1930 1306 1967 institui

197 2003 311 2045 recte
344 2014 389 2045 se
421 2000 550 2046 habet
579 1999 624 2044 in
650 1996 853 2058 „pectus“
878 1998 1072 2044 vocabuli
1092 1997 1176 2043 fine
1196 2017 1216 2043 s
1235 1998 1382 2043 littera
1401 1999 1579 2043 abiecta.

289 2093 331 2134 3.
373 2091 608 2135 Maximam
639 2093 808 2147 partem
838 2091 951 2134 inter
981 2091 1256 2135 bacchiacum
1287 2094 1331 2135 et
1350 2091 1581 2135 iambicum

197 2168 319 2213 colon
356 2169 590 2214 dihaeresis
629 2167 877 2224 intercedit,
917 2168 1031 2225 quod
1069 2169 1105 2212 si
1145 2172 1231 2225 est,
1271 2169 1401 2213 etiam
1438 2168 1581 2212 hiatus

195 2247 336 2291 locum
373 2248 530 2292 habere
568 2250 732 2305 potest,
770 2249 819 2289 ut
855 2245 1011 2290 Pseud.
1036 2248 1124 2291 255
1162 2247 1213 2290 cf.
1243 2246 1296 2290 II.
1320 2248 1362 2290 3.
1386 2248 1427 2290 3.
1465 2248 1580 2291 1273

196 2325 248 2369 cf.
282 2324 354 2369 ΙΠ.
381 2326 420 2369 1.
446 2326 486 2369 1.
519 2325 627 2370 Rud.
655 2326 740 2369 193
773 2324 825 2368 cf.
859 2322 912 2367 H.
936 2325 978 2368 3.
1002 2325 1043 2367 4.
1110 2323 1194 2369 Sed
1234 2327 1282 2368 ut
1312 2324 1357 2368 in
1389 2324 1579 2369 eiusdem

196 2405 364 2459 generis
396 2404 563 2448 creticis
585 2404 779 2448 versibus
811 2403 1045 2447 dihaeresis
1067 2403 1182 2447 haud
1204 2395 1301 2447 raro
1322 2404 1576 2459 neglegitur.

285 2483 329 2527 4.
382 2482 449 2527 De
495 2496 576 2527 usu
617 2482 771 2527 horum
813 2495 1015 2527 versuum
1054 2483 1289 2526 maximam
1326 2484 1496 2539 partem
1536 2485 1579 2526 et

196 2561 354 2617 singuli
378 2565 420 2606 et
441 2560 681 2619 complures
703 2560 800 2607 aliis
821 2560 1058 2606 bacchiacis
1079 2561 1382 2606 admiscentur.
1427 2560 1577 2607 Tetra-
