1848 3081
898 180 959 223 20

316 299 431 344 Satis
464 299 618 345 incerti
650 300 782 345 etiam
813 300 853 344 ei
886 304 1000 358 sunt,
1032 301 1121 359 qui,
1158 300 1281 347 libris
1314 301 1350 347 si
1381 314 1462 346 nos
1494 300 1616 346 addi-

223 379 375 436 cimus,
408 379 579 424 Au1.11.
602 382 640 424 1.
662 381 826 438 12,13,
851 381 905 424 14
938 379 1155 425 statuendi
1187 385 1308 425 sunt:

345 462 478 509 Neque
504 461 695 500 occultum
719 461 759 499 id
785 461 927 509 haberi,
953 473 1076 510 neque
1101 473 1169 509 per
1194 466 1333 500 metum
1359 464 1517 502 massari

345 523 401 559 Eo
427 533 529 559 nunc
554 533 626 569 ego
652 525 797 559 secreto
822 526 861 559 te
885 522 960 559 huc
985 522 1086 560 foras
1112 523 1257 569 seduxi,

344 581 395 618 Ut
419 585 523 625 tuam
551 593 629 619 rem
656 593 728 630 ego
753 585 879 627 tecum
905 582 968 619 hic
993 583 1169 630 loquerer
1194 582 1429 630 familiarem,

221 676 405 718 quorum
436 677 639 706 versuum
670 663 837 720 primus
873 660 987 717 „id“
1023 666 1121 720 post
1156 661 1375 719 „haberi“
1409 663 1614 708 collocato

221 744 390 784 constat
421 754 475 784 ex
507 740 652 784 bacch.
676 740 860 784 dimetro
894 753 956 784 ac.
981 744 1024 784 et
1054 741 1184 786 iamb.
1209 741 1390 785 dimetro
1416 744 1514 797 cat„
1546 754 1615 785 re-

220 818 328 874 liqui
361 832 417 862 ex
448 818 561 863 binis
594 819 722 863 iamb.
755 818 951 862 dimetris
984 822 1091 874 cat.‚
1123 819 1161 863 si
1192 833 1271 876 pro
1297 817 1395 875 „te“
1422 817 1548 875 „ted“
1574 823 1617 863 et

220 910 299 952 pro
325 895 429 951 „ut“
457 895 576 952 „uti“
610 896 776 940 scribis.
839 882 1002 939 Eorum
1035 896 1162 940 huius
1194 897 1364 951 generis
1397 910 1615 952 versuum,

221 975 294 1032 qui
327 974 493 1020 indubii
527 979 643 1033 sunt,
674 989 881 1019 numerus
913 989 1018 1033 prae
1040 978 1389 1020 tetrametrorum
1420 977 1526 1020 duos
1549 975 1616 1020 vel

220 1057 309 1097 tres
330 1054 399 1097 vel
432 1058 636 1111 quattuor
657 1068 788 1113 puros
820 1054 1019 1099 bacchios
1051 1054 1364 1098 continentium
1386 1055 1490 1098 satis
1513 1067 1614 1112 par-

220 1146 299 1176 vus
332 1136 398 1175 est
430 1137 473 1176 et
494 1134 568 1176 vix
601 1133 727 1177 aliter
759 1133 1051 1188 inveniuntur,
1086 1145 1215 1188 quam
1247 1132 1405 1188 singuli
1428 1157 1485 1162 -—
1508 1132 1615 1176 duos

220 1214 393 1268 praeter
413 1211 666 1256 Aululariae
697 1211 821 1255 illum
843 1209 985 1256 loc'um
1006 1214 1176 1254 tantum
1196 1209 1326 1255 Mero.
1341 1212 1444 1256 350.
1466 1212 1488 1255 1
1513 1224 1615 1256 con-

219 1290 388 1333 iunctos
420 1290 567 1333 inveni
600 1314 656 1319 —
691 1293 735 1333 et
765 1289 1013 1347 purioribus
1046 1289 1291 1333 consociati.

313 1370 354 1411 3.
396 1366 454 1411 Ut
486 1371 589 1412 eret.
623 1368 685 1411 ita
717 1368 861 1412 bacch.
886 1371 1136 1411 tetrameter
1156 1367 1271 1411 haud
1303 1381 1401 1411 raro
1433 1368 1496 1411 ita
1525 1367 1613 1411 for-

219 1451 362 1490 matus
395 1449 482 1503 est,
522 1449 572 1490 ut
604 1446 817 1491 dihaeresi
850 1450 1005 1490 careat.
1071 1445 1188 1498 Quae
1221 1445 1257 1490 si
1297 1444 1436 1490 locum
1470 1445 1613 1503 habet,

219 1526 383 1582 pariter
415 1529 543 1581 atque
574 1526 620 1568 in
652 1529 755 1569 eret.
779 1528 1031 1570 tetrametro
1064 1525 1110 1568 in
1142 1525 1319 1569 secundi
1349 1525 1472 1582 pedis
1494 1525 1613 1569 exitu

220 1603 363 1647 hiatus
396 1603 654 1660 admittitur,
686 1604 807 1647 cuius
839 1607 983 1647 tamen
1015 1602 1120 1648 haec
1147 1606 1316 1647 tantum
1338 1602 1490 1647 afferre
1512 1617 1613 1661 pos-

220 1695 316 1725 sum
348 1681 568 1739 exempla:
602 1681 725 1739 Capt.
744 1683 833 1726 506
852 1696 915 1738 sq.

415 1764 586 1801 Tandem
611 1764 688 1801 abii
713 1765 761 1801 ad
787 1768 1016 1811 praetorem:
1042 1764 1096 1801 ibi
1122 1763 1186 1800 vix
1212 1763 1399 1810 requievi:

457 1831 527 1887 (de
560 1834 834 1889 sequentibus
867 1833 1061 1877 versibus
1093 1832 1146 1877 cf.
1164 1831 1238 1876 III.
1256 1833 1299 1876 2.
1319 1832 1380 1886 2.)

220 1922 316 1967 Cas.
334 1922 407 1967 III.
431 1924 473 1967 5.
498 1923 556 1967 23
580 1937 642 1981 sq.

413 2000 552 2036 Malum
577 2001 858 2047 pessimumque
883 2000 946 2036 hic
972 2000 1084 2037 modo
1109 2000 1212 2037 intus
1237 1999 1339 2046 apud
1363 2010 1434 2036 nos

1072 2059 1128 2105 (b.
1148 2060 1238 2096 dim.
1257 2070 1343 2097 cum
1360 2059 1386 2096 i.
1402 2059 1491 2106 trip.
1509 2062 1560 2104 c.)

414 2120 498 2157 Tua
522 2120 660 2156 ancilla
683 2119 756 2157 hoc
781 2123 893 2166 pacto
918 2120 1081 2157 exordiri
1106 2120 1233 2166 coepit

220 2188 417 2232 Ib.IV.4.
432 2190 501 2232 16.
537 2193 641 2229 Tene
667 2191 765 2228 hanc
789 2192 1012 2237 lampadem.
1055 2192 1173 2229 Immo
1199 2202 1271 2240 ego
1296 2192 1396 2229 illam
1421 2191 1573 2229 tenebo.
1594 2226 1599 2231 .

220 2260 334 2304 Men.
353 2262 456 2304 967.
537 2265 587 2301 Ut
611 2264 768 2301 absente
794 2274 858 2300 ero
885 2275 962 2300 rem
988 2264 1043 2300 eri
1068 2264 1289 2311 diligentem

219 2351 320 2382 nam
343 2351 452 2395 quae
473 2341 697 2395 praeterea
714 2337 829 2396 apud
843 2337 894 2381 R.
912 2337 1068 2382 Pseud.
1084 2327 1360 2382 1259.1272.
1390 2335 1508 2382 Pers.
1521 2338 1607 2382 789

219 2416 436 2473 leguntur,
468 2417 556 2460 iam
589 2431 720 2474 supra
750 2417 1009 2461 removenda
1041 2421 1175 2460 erant.

310 2497 353 2540 4.
395 2494 502 2540 Cum
535 2495 668 2551 igitur
688 2494 866 2541 Plautus
899 2495 1110 2541 dihaeresi
1143 2495 1328 2541 similem
1360 2495 1449 2540 vim
1480 2498 1607 2553 atque

220 2589 369 2619 versus
400 2575 475 2618 fini
507 2576 722 2632 tribuerit,
755 2589 853 2619 eum
875 2579 974 2619 ante
996 2575 1238 2620 dihaeresin
1265 2574 1475 2619 secundae
1497 2574 1607 2618 arsis
