1848 3081
866 161 922 203 33

254 280 387 319 Sciens
409 278 458 316 dc
481 278 545 315 via
571 277 590 325 ΙΙ
616 278 655 315 in
680 277 851 315 semitam
877 276 1094 323 degredere.
1108 277 1159 322 (b.
1176 278 1267 315 dim.
1284 289 1371 316 cum
1389 279 1412 316 i.
1432 279 1519 326 trip.
1539 281 1588 324 c.)

496 337 712 384 Numquid
736 335 829 373 mihi
853 335 1045 372 minatur?
1071 335 1092 384 ΙΙ
1122 336 1174 381 (b.
1190 337 1296 382 dim.)

255 398 342 436 Tibi
354 396 494 435 infesta
504 397 612 435 solist
624 397 825 444 plusquam
836 395 1053 442 quoiquam.
1076 395 1195 440 Quam
1208 397 1257 435 ob
1270 407 1348 435 rem
1356 398 1375 434 ’Β
1390 397 1409 445 11
1426 398 1477 442 (b.
1487 401 1588 444 tctr.)

209 463 540 512 TrucII..57

353 540 372 589 ΙΙ
398 541 507 587 Quae
527 550 620 578 ausa
643 550 727 578 sum
751 542 898 578 tantum
925 541 994 585 (cr.
1011 540 1103 577 dim.
1120 541 1168 586 c.)

303 602 407 652 Clam
421 588 561 639 dolum
586 600 787 649 adgrediri.
816 602 876 645 (tr.
894 600 981 648 trip.
1000 602 1049 647 c.)

423 660 537 697 Lucri
563 670 677 697 causa
703 657 722 707 ΙΙ
748 670 862 697 avara
887 659 939 705 (b.
955 660 1061 706 dim.)

254 721 437 760 Probrum
462 722 752 758 sum-exsecuta
775 719 919 758 alienos
944 721 1094 759 dolores
1120 720 1171 766 (b.
1190 720 1281 758 dim.
1298 730 1384 757 cum
1401 720 1426 757 i.
1440 720 1527 767 trip.
1541 724 1590 766 c.)

471 780 564 818 Mihi
588 781 795 828 supposivi.
822 781 843 829 Η
870 782 921 827 (b.
939 781 1045 827 dim.)

254 841 404 881 Nullam
431 851 509 878 rem
534 843 685 887 oportet
709 841 839 879 dolose
864 841 1055 891 adgrediri
1082 841 1121 886 (i.
1138 844 1185 877 tr.
1204 851 1237 877 c.
1255 851 1341 877 cum
1358 840 1396 877 b.
1414 840 1520 885 dim.)

254 902 336 940 Nisi
359 904 484 939 astute
512 900 528 948 ΙΙ
555 904 805 947 accurateque
830 912 1049 948 exsequare.
1077 901 1095 948 Η

473 960 631 998 Vosmet
653 961 728 997 iam
752 961 902 1008 videtis,
928 961 981 1007 (b.
998 961 1087 998 dim.
1114 960 1162 997 cf.
1186 961 1235 997 11.
1253 962 1288 997 2.
1307 962 1370 1006 2.,)

206 1028 421 1073 interdum
453 1029 530 1085 ita,
562 1032 610 1072 ut
641 1040 739 1073 cum
769 1030 899 1074 iamb.
923 1029 1105 1073 dimetro
1137 1032 1217 1073 cat.
1249 1029 1498 1073 coniunctus
1521 1029 1592 1084 sit,

208 1111 270 1151 ut
285 1107 444 1165 Amph.
467 1108 557 1151 570
589 1107 659 1161 (cf.
691 1106 744 1151 Π.
773 1111 809 1151 1.
831 1110 878 1163 4)
913 1107 1238 1163 (Au1.11.1.12
1264 1108 1317 1152 cf.
1340 1106 1392 1151 II.
1413 1111 1450 1151 1.
1473 1110 1512 1163 1,
1531 1107 1591 1162 2).

208 1185 302 1230 Cas.
325 1185 398 1229 III.
420 1187 463 1230 5.
487 1187 626 1243 24sq.

303 1262 402 1307 Quid
427 1265 485 1299 est
508 1262 576 1299 id?
605 1262 734 1299 Timor
758 1263 955 1309 praepedit
972 1263 1080 1300 dicta
1104 1263 1268 1309 linguae.
1296 1262 1346 1307 (b.
1366 1265 1468 1307 tetr.)

424 1322 523 1368 Quid
546 1323 630 1360 est?
654 1334 808 1370 possum
834 1323 930 1361 scire
957 1334 1028 1371 ego
1055 1323 1153 1361 istuc
1181 1323 1200 1371 ΙΙ
1229 1324 1268 1369 (i.
1287 1323 1377 1361 dim.
1395 1328 1444 1368 c.)

546 1384 604 1420 Ex
628 1386 678 1430 te,
705 1384 797 1430 quid
822 1384 1012 1431 negotist?
1038 1384 1089 1428 (b.
1107 1384 1212 1429 dim.)

305 1443 453 1480 Dicam:
479 1443 615 1480 ancilla
638 1447 714 1490 tua,
740 1454 852 1490 quam
877 1446 942 1480 tuo
970 1443 988 1490 Η
1015 1443 1128 1480 vilico
1152 1443 1223 1480 vis.
1251 1443 1303 1489 (b.
1321 1445 1421 1488 tetr.)

207 1512 402 1570 Denique
425 1512 465 1557 b.
488 1512 670 1557 dimeter
690 1512 905 1556 interdum
927 1513 990 1556 ita
1011 1526 1105 1556 cum
1124 1512 1219 1556 aliis
1233 1512 1427 1557 versibus
1445 1512 1589 1556 bacch.

208 1590 502 1647 coniungitur,
543 1595 606 1634 utv
630 1589 818 1649 systema
849 1590 993 1635 bacch.
1027 1590 1219 1646 claudat,
1259 1594 1308 1633 ut
1337 1588 1465 1634 Most.
1493 1591 1591 1633 127.

207 1668 316 1713 Rud.
341 1670 443 1713 262.
477 1669 602 1714 True.
624 1668 696 1713 IV.
720 1670 762 1713 2.
787 1670 814 1713 3
833 1683 895 1725 sq.
931 1668 1001 1723 (cf.
1023 1668 1077 1713 H.
1100 1670 1143 1713 2.
1167 1669 1227 1723 2.)
1260 1667 1389 1713 Poen.
1407 1668 1439 1712 I.
1459 1670 1502 1713 2.
1520 1671 1591 1712 21.

209 1746 341 1801 (cf.·I.
366 1748 425 1803 3.)
459 1749 531 1792 39.

306 1823 324 1872 11
352 1823 653 1878 Scit-muriatica
677 1827 720 1861 ut
744 1827 919 1861 maceret.
959 1823 1057 1869 Quid
1082 1824 1299 1862 molestu’s‘?
1324 1825 1375 1870 (b.
1394 1826 1496 1870 tetr.)

498 1884 612 1922 Soror
636 1895 747 1932 parce
772 1885 924 1922 amabo:
953 1884 971 1934 ΙΙ
998 1885 1050 1931 (b.
1068 1885 1172 1931 dim.)

427 1946 493 1983 Sat
518 1948 574 1983 Est
597 1946 696 1983 istuc
722 1946 815 1983 alios
839 1946 965 1983 dicere
991 1946 1031 1992 (i.
1049 1946 1139 1982 dim.
1156 1947 1228 1990 ac.)

256 2004 373 2042 Nobis
389 2016 438 2043 ne
455 2009 603 2044 nosmet
619 2009 748 2044 nostra
791 2006 914 2043 Etiam
931 2006 1025 2042 vitia
1044 2006 1289 2053 [e]loquamur
1307 2004 1325 2054 ΙΙ
1346 2005 1396 2050 (ΙΙ
1410 2005 1592 2049 i.dim.c.)

209 2074 287 2128 (sic
316 2074 432 2132 libri,
463 2076 547 2119 nisi
579 2075 692 2132 quod
722 2079 823 2133 post
854 2073 1074 2131 „nosmet“
1102 2073 1201 2131 „in“
1226 2074 1447 2132 praebent,
1480 2074 1593 2131 quod

209 2152 246 2196 si
270 2153 481 2211 pristinae
503 2154 739 2213 scripturae
760 2154 989 2210 vestigium
1014 2157 1093 2211 est,
1126 2154 1178 2198 de
1199 2153 1276 2198 tali
1296 2154 1325 2198 i.
1350 2153 1591 2211 septenario

209 2233 389 2288 cogites:
416 2261 417 2265 =

281 2309 409 2356 Nobis,
435 2321 483 2347 ne
508 2313 656 2348 nosmet
680 2310 806 2357 ul[tro]
831 2312 961 2347 nostra
985 2310 1098 2347 etiam
1124 2309 1218 2347 vitia
1245 2309 1518 2356 [e]loquamur.)

208 2375 320 2422 Men.
345 2380 447 2423 761.

281 2446 357 2486 Sed
380 2447 475 2487 hacc
499 2458 560 2486 res
585 2448 677 2485 mihi
701 2448 741 2486 in
765 2450 918 2496 pectore
943 2451 982 2485 et
1007 2448 1120 2486 corde
1146 2451 1305 2495 curaest,
1322 2448 1340 2494 ΙΙ
1368 2446 1420 2494 (b.
1437 2448 1537 2493 tetr.)

499 2509 686 2554 Quidnam
711 2509 784 2547 hoc
808 2509 859 2546 sit
882 2509 1024 2556 negoti,
1050 2509 1102 2554 (b.
1119 2509 1224 2555 dim.)

426 2569 535 2616 Quod
559 2568 638 2607 filia
661 2570 716 2608 sic
732 2570 751 2617 ΙΙ
767 2573 920 2618 repente
945 2569 984 2616 (i.
1001 2569 1091 2606 dim.
1110 2572 1159 2615 c.)

1323 2636 1346 2673 3
