1848 3081
864 202 922 243 3⁷

201 320 427 366 dicendum
459 323 539 377 est,
571 333 677 378 quos
700 319 953 378 Spengelius
974 334 1018 377 p.
1040 322 1094 364 12
1118 335 1180 378 sq.
1203 326 1251 365 ut
1275 335 1434 365 novum
1455 322 1583 379 idque

201 400 306 445 satis
338 407 536 457 asperum
569 411 845 444 numerorum
866 411 1001 454 genus
1023 399 1069 442 in
1093 401 1377 466 suspicionem
1400 401 1580 444 vocavit.

201 478 286 523 Sed
315 477 504 535 primum
537 477 709 534 quidem
741 491 767 520 a
797 480 926 535 poeta
945 477 1074 520 metri
1097 491 1222 521 usum
1244 478 1486 523 abiudicare
1508 480 1582 522 vix

200 555 379 601 dimidia
419 556 510 617 eius
550 569 729 615 operum
775 558 899 613 parte
945 558 1209 613 pertractata
1248 556 1450 600 audacius
1497 561 1581 611 est3

199 634 352 680 deinde
391 634 492 678 illae
531 646 684 678 causae
721 646 819 678 mea
860 633 1033 690 quidem
1066 635 1278 678 sententia
1308 635 1432 678 nihili
1465 642 1581 679 sunt:

197 728 297 758 nam
336 716 379 757 et
419 712 503 756 alia
540 716 702 769 metra,
750 726 859 770 quae
898 713 1013 770 apud
1052 712 1254 756 Plautum
1291 713 1581 769 inveniuntur,

196 805 308 837 nova
338 794 461 848 sunt,
494 794 535 835 et
568 791 605 835 si
636 790 759 835 nobis
791 794 975 835 metrum
1010 791 1203 849 asperius
1235 791 1420 847 videtur,
1452 792 1581 835 etiam

195 871 347 916 Plauto
385 870 525 914 visum
566 884 704 928 neque
742 873 972 929 propterea
1012 870 1065 915 ab
1106 884 1155 914 eo
1193 874 1447 929 usurpatum
1489 885 1581 915 esse

195 950 371 995 minime
402 963 576 995 necesse
608 953 685 995 est.
732 948 869 994 Immo
900 949 945 994 in
976 949 1098 995 libris
1131 949 1200 994 hic
1230 949 1321 994 illic
1342 965 1491 995 versus
1514 951 1580 994 in-

194 1029 439 1085 veniuntur,
472 1029 620 1086 quales
652 1030 690 1073 si
711 1028 947 1073 catalectici
969 1043 1119 1085 versu-s
1148 1029 1362 1073 bacchiaci
1385 1034 1579 1073 statuun-

194 1112 279 1163 tur,
319 1121 413 1151 esse
445 1107 623 1164 debent,
664 1111 713 1151 ut
743 1108 787 1151 in
820 1121 979 1165 purum
1011 1108 1202 1152 iambum
1236 1111 1411 1164 exeant,
1452 1112 1579 1164 atque

192 1186 278 1241 ita,
317 1185 401 1229 nisi
440 1185 549 1229 aliae
586 1185 808 1243 postulant
846 1199 1023 1242 causae,
1064 1199 1137 1229 eos
1177 1186 1373 1229 mutandi
1411 1185 1576 1228 nullum

192 1263 398 1308 habemus
429 1264 511 1308 ius.

507 1387 545 1430 1.
587 1384 661 1429 De
692 1392 962 1430 tetrametro
996 1384 1147 1429 bacch,
1173 1393 1262 1430 cat.

285 1494 325 1537 1.
364 1492 431 1538 De
469 1493 549 1538 hoe
585 1496 724 1538 metro
755 1507 1014 1552 quamquam
1050 1506 1136 1537 non
1168 1492 1450 1538 dubitandum
1482 1507 1574 1537 esse

189 1571 239 1614 R..
270 1575 314 1615 et
341 1571 376 1615 F
378 1572 406 1615 1.
440 1572 661 1628 viderunt,
701 1576 845 1616 tamen
877 1573 969 1615 eius
1001 1586 1103 1615 usus
1135 1585 1220 1614 non
1253 1575 1340 1614 tam
1372 1573 1573 1628 frequens

190 1652 269 1706 est,
301 1663 430 1707 quam
462 1650 525 1695 eis
558 1653 623 1694 est
642 1650 796 1694 visum.
844 1649 991 1705 Longe
1021 1649 1255 1693 maximam
1289 1653 1457 1706 partem
1483 1650 1572 1693 sin-

188 1727 278 1782 guli
308 1729 547 1772 tetrametri
579 1732 660 1771 cat.
684 1729 928 1772 acatalectis
950 1729 1281 1783 subiunguntur,
1313 1731 1362 1770 ut
1383 1727 1480 1770 Cas.
1496 1727 1570 1770 III.

187 1804 230 1848 5.
253 1804 326 1849 26.

234 1880 367 1918 Dicam
392 1881 530 1919 ancilla
553 1885 630 1928 tua,
656 1893 769 1929 quam
794 1885 862 1921 tuo
876 1888 895 1924 ΙΙ
910 1883 1022 1919 vilico
1047 1883 1107 1919 vis
1134 1882 1184 1927 (b.
1198 1885 1284 1918 tetr.
1302 1884 1374 1928 ae.)

282 1941 384 1979 Dare
408 1953 575 1990 uxorem,
600 1954 646 1981 ea
670 1943 784 1981 intus.
823 1943 923 1988 Quid
948 1943 1061 1980 intus.
1099 1942 1197 1987 Quid
1221 1942 1306 1979 est?
1322 1942 1339 1989 ΙΙ
1356 1942 1504 1987 (b.tetr.
1520 1946 1569 1988 e.)

185 2009 304 2055 Pers.
327 2012 429 2055 807.

233 2080 356 2118 Decet
380 2092 439 2118 me
464 2080 628 2119 facetum
653 2092 737 2119 esse
762 2085 801 2119 et
824 2082 926 2119 hunc
950 2082 1114 2119 inridere
1141 2082 1192 2125 (b.
1209 2085 1296 2118 tetr.
1313 2084 1385 2127 ac.)

282 2142 473 2180 Lenonem
497 2141 674 2189 lubidost,
702 2142 852 2189 quando
877 2143 1015 2190 dignus
1041 2142 1127 2190 [e]st
1152 2142 1203 2188 (b.
1221 2145 1308 2179 tetr.
1326 2144 1375 2188 c.)

184 2209 250 2254 De
271 2209 398 2254 Most.
418 2211 475 2254 89
507 2211 560 2254 cf.
577 2209 631 2254 Π.
650 2212 691 2254 2.
714 2213 752 2254 1.
785 2211 838 2255 de
859 2210 990 2255 Poen.
1013 2213 1049 2254 1.
1070 2212 1111 2254 2.
1131 2212 1190 2254 20
1221 2211 1274 2254 cf.
1292 2210 1324 2253 Ι.
1343 2212 1384 2254 3.
1418 2212 1474 2255 ib.
1493 2214 1564 2255 34.

232 2286 314 2324 Nisi
338 2287 457 2325 multa
482 2298 580 2335 aqua
604 2297 723 2335 usque
748 2290 787 2325 et
811 2287 876 2324 diu
903 2290 1149 2333 macerantur,
1166 2287 1184 2333 11
1201 2286 1253 2331 (b.
1270 2290 1355 2324 tetr.
1375 2289 1447 2333 ac.)

280 2346 403 2393 olent,
429 2348 529 2385 salsa
554 2351 652 2395 sunt,
678 2351 834 2394 tangere
858 2351 902 2384 ut
927 2359 1002 2385 non
1027 2348 1133 2385 velis.
1150 2347 1201 2390 (b.
1219 2351 1305 2384 tetr.
1324 2350 1372 2391 c.)

230 2407 326 2445 Item
351 2418 421 2446 nos
445 2419 594 2446 sumus:
610 2409 629 2454 ΙΙ
644 2409 726 2446 eius
751 2408 903 2445 seminis
929 2408 1105 2446 mulieres
1131 2412 1220 2446 sunt
1235 2408 1252 2454 n
1270 2407 1320 2452 (b.
1338 2411 1424 2444 tetr.
1442 2411 1515 2453 ac.)

182 2474 295 2520 Men.
317 2477 422 2520 571.

230 2551 281 2589 Ut
305 2552 378 2590 hoc
402 2552 543 2589 utimur
567 2563 741 2590 maxume
766 2563 867 2590 more
893 2563 996 2590 moro
1023 2553 1074 2597 (b.
1092 2556 1178 2589 tetr.
1195 2555 1264 2596 ar.)

279 2613 513 2660 Molestoque
539 2613 698 2650 multum
723 2617 837 2660 atque
862 2613 918 2650 uti
944 2613 1085 2660 quique
1111 2616 1198 2650 sunt
1223 2613 1274 2657 (b.
1292 2616 1377 2650 tetr.
1396 2614 1484 2658 eat.)
