1848 3081
913 164 972 208 32

336 281 406 319 Vir
429 281 463 320 si
488 281 581 329 quid
605 281 719 329 volet,
746 292 806 319 me
831 280 944 320 facite
969 281 1059 320 hinc
1084 283 1297 322 arcessatis.
1325 282 1344 333 Η
1372 283 1424 331 (b.
1443 285 1546 328 tetr.)

454 342 659 379 Prandium
688 343 850 379 iusserat
876 344 943 387 (cr.
962 342 1069 387 dim.)

337 401 418 439 Sibi
442 401 566 449 parari
592 412 720 440 senex.
759 401 802 439 St
826 404 910 439 tace
935 404 1048 448 atque
1073 401 1153 439 abi:
1181 402 1259 448 (B.:
1284 413 1365 441 sen.
1389 403 1461 442 sibi
1486 404 1540 450 p.)
1569 402 1587 451 ΙΙ

1024 463 1092 508 (cr.
1110 462 1199 499 dim.
1218 473 1305 499 cum
1322 466 1369 501 tr.
1386 464 1475 510 trip.
1493 465 1581 508 cat.)

459 522 539 559 Nec
564 533 656 568 paro
682 532 805 568 neque
830 521 943 559 hodie
969 525 1162 568 coquetur,
1189 523 1249 567 (tr.
1269 522 1359 559 dim.
1378 526 1451 570 ac·)

338 581 496 626 Quando
523 582 555 619 is
581 582 631 618 mi
657 585 697 619 et
720 580 799 619 filio
823 581 1043 619 adversatur
1068 593 1137 619 suo
1166 581 1184 629 ΙΙ
1213 584 1281 627 (cr.
1297 585 1407 629 tetr.)·

459 641 589 678 Animi
615 642 829 687 amorisque
854 652 969 678 causa
994 643 1063 678 sui.
1093 645 1160 686 (cr.
1178 643 1294 687 trim.)

241 721 385 766 bacch.
419 721 651 766 dimetrum
684 736 778 766 esse
809 722 967 779 voluit,
1008 723 1112 780 quid
1142 723 1363 781 prohibet,
1403 722 1630 779 quominus

239 799 442 843 Plautum
473 801 608 844 troch.
632 800 866 858 tripodiam
891 814 972 857 ac.‚
1005 800 1349 845 antecedentium
1378 801 1632 845 ereticorum

240 878 491 935 clausulam,
525 893 618 923 esse
649 879 836 923 voluisse
870 879 1122 923 credamus?

334 982 375 1025 3.
440 980 726 1037 Coniungitur
779 985 924 1026 autem
977 983 1159 1026 dimeter
1205 982 1350 1026 bacch.
1398 982 1630 1026 maximam

241 1063 411 1116 partem
443 1073 542 1103 cum
575 1060 861 1116 tetrametrhs,
902 1060 1134 1115 trimetris,
1168 1060 1278 1103 sicut
1309 1073 1406 1103 cum
1437 1060 1632 1105 versibus

242 1152 295 1181 ex
342 1138 487 1185 bacch.
529 1138 712 1182 dimetro
761 1141 804 1181 et
849 1138 978 1182 iamb.
1019 1137 1207 1196 tripodia
1245 1141 1326 1182 cat.
1369 1139 1630 1196 compositis.

241 1216 335 1260 Tali
357 1217 403 1260 in
423 1217 547 1261 initio
570 1217 726 1261 cantici
746 1217 1011 1275 praemissus
1030 1230 1123 1261 csse
1139 1217 1309 1261 videtur
1324 1216 1477 1262 Bacch.
1493 1220 1513 1261 1
1524 1219 1631 1262 120:

461 1306 553 1350 Quis
578 1306 705 1342 sonitu
730 1316 775 1342 ac
801 1306 966 1342 tumultu
993 1305 1043 1350 (b.
1063 1305 1170 1350 dim.)

338 1366 461 1403 Tanto
481 1366 651 1403 nominat
668 1376 727 1402 me
745 1368 859 1412 atque
876 1366 1000 1412 pultat
1016 1366 1149 1403 aedis?
1176 1366 1228 1412 (b.
1241 1366 1330 1403 dim.
1344 1367 1469 1403 cumi.
1480 1366 1567 1413 trip.
1582 1370 1631 1411 c.)

289 1426 372 1472 Ego
397 1429 511 1472 atque
536 1425 625 1462 hic‘?
658 1426 757 1469 Quid
781 1425 853 1462 hoc
879 1429 938 1462 est
962 1426 1091 1472 negoti
1116 1437 1202 1462 nam
1227 1426 1387 1463 amabo?
1413 1427 1464 1471 (b.
1480 1429 1583 1471 tetr.)

460 1485 552 1530 Quis
577 1486 645 1523 has
670 1485 745 1523 huc
771 1496 862 1523 oves
887 1485 1027 1533 adegit.
1059 1486 1097 1532 (i.
1116 1486 1205 1523 dim.
1225 1488 1274 1532 c.)

240 1565 409 1634 Pariter
429 1565 463 1609 F
466 1566 494 1609 l.
513 1566 635 1623 Capt.
655 1567 758 1610 498.
793 1567 1024 1610 dimetrum
1055 1567 1319 1611 tetrametris
1347 1567 1631 1624 praemissum

240 1644 396 1698 voluit3
431 1644 506 1688 sed
539 1645 591 1688 cf.
615 1644 647 1688 Ι.
671 1646 714 1688 5.
758 1644 907 1701 Neque
938 1645 1076 1700 magis
1109 1645 1316 1689 adsentiri
1341 1658 1517 1702 possum
1539 1644 1631 1689 Rit-

241 1723 400 1767 schelio
432 1722 632 1767 Pseudoli
665 1723 807 1768 locum
840 1724 928 1768 255
952 1737 1015 1780 sq.
1049 1724 1110 1767 sic
1142 1723 1305 1767 edenti:

290 1812 428 1848 Manta.
466 1811 616 1849 Omitte.
655 1812 776 1849 Ballio
802 1812 902 1848 audi.
942 1811 1086 1849 Surdus
1111 1823 1207 1849 sum.
1246 1811 1421 1850 Profecto
1449 1812 1632 1858 [saevo'sl.

533 1872 777 1918 Inaniloquos
805 1873 858 1918 [es
883 1872 952 1919 tu].

387 1933 496 1979 Dedi,
522 1932 612 1970 dum
638 1931 722 1970 fuit.
765 1933 849 1970 Non
875 1937 962 1979 peto
988 1933 1091 1979 quod
1115 1933 1266 1980 dedisti,

241 2015 315 2072 qui
350 2015 468 2058 locus
502 2015 593 2058 sine
625 2014 714 2057 ulla
744 2014 983 2059 tralaticiae
1017 2015 1253 2072 scripturae
1285 2014 1521 2058 mutatione
1552 1995 1633 2057 hoc

241 2094 384 2150 potius
416 2092 542 2136 modo
577 2091 824 2137 scribendus
857 2097 941 2137 est:
1268 2086 1271 2089 ’

339 2182 476 2218 Manta.
514 2180 667 2218 Omitte.
704 2181 825 2218 Ballio
850 2181 950 2218 audi.
986 2183 1045 2227 (tr.
1065 2181 1154 2218 dim.
1173 2183 1246 2227 ac.)

289 2241 434 2279 Surdus
459 2253 540 2278 sum
566 2241 748 2287 profecto,
774 2242 1048 2289 inauilogistae.
1076 2243 1128 2288 (b.
1146 2243 1235 2279 dim.
1255 2253 1341 2278 cum
1358 2242 1383 2277 i.
1402 2241 1489 2287 trip.
1508 2243 1595 2285 cat.)

239 2322 305 2366 De
327 2321 483 2367 Pseud.
506 2322 597 2366 loco
625 2325 741 2367 1270
758 2337 837 2380 sq.‚
870 2324 943 2367 ubi
969 2323 1134 2367 duobus
1156 2323 1363 2366 trimetris
1385 2322 1425 2366 b.
1449 2321 1630 2365 dimeter

239 2402 505 2460 praemissus
528 2404 607 2457 est,
630 2402 682 2445 cf.
700 2401 752 2445 II.
768 2404 806 2445 1.
825 2404 862 2445 1.
902 2401 1030 2445 Haud
1051 2414 1149 2445 raro
1170 2402 1284 2445 inter
1305 2401 1412 2444 alios
1433 2400 1629 2445 bacchia-

239 2494 310 2525 cos
332 2493 482 2524 versus
514 2479 696 2525 dimeter
724 2480 1004 2538 interpositus
1032 2479 1264 2537 invenitur,
1293 2484 1341 2523 ut
1362 2478 1521 2536 Amph.
1544 2479 1628 2523 176

240 2560 310 2615 (cf.
343 2559 396 2603 II.
421 2561 462 2604 3.
492 2559 548 2614 1.)
583 2558 707 2618 Capt.
730 2560 834 2604 503.
868 2558 964 2603 Cas.
987 2558 1060 2602 ΙΙΙ.
1084 2560 1127 2603 5.
1151 2560 1223 2603 39.
