1848 3081
872 152 927 194 17

563 268 714 307 Occidis
739 278 810 314 me,
836 278 950 314 quom
975 267 1073 304 istuc
1099 268 1251 315 rogitas.

740 328 771 366 Ο
796 326 987 365 hominem
1012 327 1189 374 lepidum.

300 404 448 460 Neque
469 404 626 448 certior
647 407 713 447 est
734 402 945 447 secundus
967 401 1157 446 eiusdem
1178 402 1345 447 fabulae
1366 416 1516 446 versus
1535 426 1591 431 —-

209 495 310 526 nam
332 482 487 526 veteris
507 480 613 525 fides
635 481 706 525 hic
726 479 926 538 quantilli
948 480 1018 536 sit,
1042 483 1307 537 apparet—‚
1325 494 1408 537 quo
1431 479 1592 523 deloco

210 560 313 616 quid
342 560 449 603 mihi
480 559 755 604 statuendum
787 572 880 602 esse
901 558 1112 613 videatur,
1144 558 1218 601 alii
1249 559 1434 616 tempori
1454 571 1594 601 reser-

209 651 309 682 vare
348 637 483 691 malo3
521 637 699 692 tertius,
738 636 871 681 libros
905 636 941 679 si
973 636 1213 692 sequimur,
1256 636 1369 693 quod
1400 649 1477 680 eur
1507 649 1594 679 non

208 717 430 771 faciamus,
461 715 581 765 nulla
612 718 677 759 est
708 728 852 771 causa,
884 714 1020 758 troch.
1054 714 1296 758 octonarius
1329 718 1413 758 est:

330 791 402 827 Hic
428 800 558 827 omnes
583 776 810 843 voluptates,
835 791 874 826 in
899 789 971 827 hoc
997 800 1128 827 omnes
1153 792 1371 826 venustates
1396 794 1497 827 sunt.

209 865 292 917 Qui
311 864 512 909 Pseudoli
543 868 679 909 restat
708 865 842 922 locus,
873 865 973 908 inde
1005 879 1031 908 a
1051 848 1181 908 versu
1205 865 1321 908 1269
1344 865 1406 908 sic
1426 864 1597 908 videtur

208 943 412 998 legendus
445 957 561 987 esse:

257 1020 460 1066 Postquam
474 1030 570 1065 opus
583 1030 707 1057 meum
721 1030 832 1057 omne
847 1023 889 1056 ut
901 1019 1016 1066 volui,
1031 1019 1246 1065 perpetravi
1263 1018 1437 1056 hostibus
1454 1018 1595 1066 fugatis

214 1136 342 1178 1270.
404 1150 410 1153 ·
645 1127 736 1164 Illos
761 1128 980 1164 accubantis
1007 1126 1154 1172 (bacch.
1172 1127 1277 1172 dim.)
1368 1082 1435 1124 (π’
1453 1082 1545 1124 σοι’)

523 1187 704 1232 Potantis‚
730 1188 890 1223 amantis
915 1198 1000 1223 cum
1027 1187 1161 1223 scortis
1187 1187 1239 1231 (b.
1258 1187 1373 1231 trim.)

523 1246 673 1293 Reliqui
698 1251 738 1284 et
763 1258 886 1284 meum
912 1250 1078 1284 scortum
1103 1247 1244 1284 ibidem

258 1306 371 1343 Cordi
395 1299 509 1353 atque
534 1307 659 1344 animo
685 1318 753 1344 suo
778 1307 1043 1354 obsequentes.
1089 1308 1156 1344 sed
1181 1311 1382 1354 postquam
1407 1307 1593 1353 exurrexi‚

1009 1371 1118 1404 orant
1142 1379 1201 1404 me
1227 1371 1287 1412 (tr.
1306 1370 1396 1412 oct.)

526 1426 580 1472 Id,
605 1430 649 1463 ut
672 1427 815 1464 saltem.
849 1428 897 1464 ad
921 1427 1022 1463 hune
1047 1438 1107 1464 me
1133 1427 1287 1464 modum
1312 1427 1423 1463 intuli
1448 1427 1502 1462 illi

976 1486 1122 1530 (bacch.
1140 1486 1232 1523 dim.
1250 1490 1289 1524 et
1305 1487 1329 1523 i.
1348 1487 1436 1532 trip.
1455 1489 1544 1531 cat.)

215 1543 344 1587 1275.
525 1545 625 1583 Satis
642 1545 781 1584 facete:
799 1546 899 1583 enim
915 1557 962 1583 ex
974 1546 1174 1592 disciplina
1194 1547 1234 1591 (i.
1248 1546 1337 1592 trip.
1347 1557 1379 1583 c.
1389 1550 1428 1583 et
1439 1546 1476 1583 b.
1487 1546 1593 1591 dim.)

646 1606 794 1653 Quippe
819 1617 890 1653 ego
916 1607 981 1653 qui
1006 1607 1124 1652 probe
1148 1607 1277 1644 Ionica
1302 1609 1365 1650 (tr.
1383 1606 1471 1642 dim.
1489 1609 1578 1650 cat.)

645 1666 846 1704 Perdidici.
881 1667 937 1704 sic
962 1667 1184 1713 palliolatim
1211 1670 1271 1711 (tr.
1289 1667 1379 1704 dim.
1398 1671 1470 1711 ac.)

526 1726 700 1764 Amictus
711 1727 783 1764 hac
798 1727 937 1765 incessi
953 1727 1185 1765 ludibundus
1201 1727 1240 1772 (i.
1248 1727 1335 1773 trip.
1345 1738 1380 1764 e.
1389 1730 1429 1764 et
1443 1727 1481 1764 b.
1490 1726 1595 1771 dim.)

525 1787 733 1824 Plaudunt:
760 1787 945 1835 „parum“
970 1788 1175 1834 clamitant,
1197 1791 1240 1825 ut
1265 1791 1450 1825 revortar:

211 1861 263 1906 de
284 1861 457 1906 bacchio
483 1860 695 1918 „ibidem“
721 1877 760 1906 v.
783 1864 912 1907 1272.
947 1848 1169 1907 arsaces
1188 1861 1321 1906 1v.4.
1342 1864 1442 1907 104.
1484 1862 1593 1906 Rud.

210 1939 262 1983 ΙΙ.
288 1941 329 1983 3.
356 1941 428 1984 65.
469 1939 542 1983 III.
566 1942 608 1985 6.
633 1941 675 1985 9.
724 1940 862 1985 Andr.
883 1943 983 1986 777.
1033 1940 1407 1985 Menaechmorum
1440 1940 1594 1985 deinde

210 2032 374 2076 versus,
405 2019 690 2064 Ambrosiano
722 2021 761 2064 si
792 2020 897 2065 fides
930 2024 1009 2077 est,
1042 2035 1096 2065 ex
1120 2020 1285 2065 duobus
1310 2034 1435 2078 anap.
1459 2020 1595 2064 dime-

211 2097 292 2141 tris
324 2102 407 2142 cat.
430 2101 616 2142 constat:

259 2172 339 2210 Aut
363 2173 412 2210 ad
437 2173 617 2220 populum
642 2176 708 2210 aut
732 2173 772 2209 in
796 2173 878 2211 iure
977 2174 1057 2212 Aut
1081 2175 1183 2222 apud
1207 2175 1366 2213 aedilem
1392 2185 1452 2213 res
1477 2179 1545 2221 est,

211 2248 322 2291 sicut
343 2248 471 2292 etiam
499 2248 582 2292 duo
605 2251 828 2304 sequentes
850 2262 1000 2293 versus
1021 2250 1221 2293 videntur
1242 2250 1464 2307 anapaesti
1486 2263 1592 2293 esse.

209 2324 497 2371 Mostellariae
529 2320 687 2371 autem⁸
703 2327 821 2371 locus
852 2328 996 2372 nescio
1028 2342 1083 2372 an
1117 2329 1178 2373 sic
1210 2329 1458 2374 scribendus
1487 2329 1563 2373 sit:

306 2408 414 2445 Nunc
441 2410 720 2447 commissatum
746 2410 809 2447 ibo
836 2409 967 2454 (troch.
987 2410 1075 2457 trip.
1093 2414 1167 2456 ac.)
1210 2411 1272 2448 Ad
1297 2411 1593 2448 Philolachetem

1270 2472 1375 2514 (eret.
1393 2471 1483 2507 dim.
1503 2474 1592 2515 cat.)

225 2522 231 2525 ’
259 2528 332 2566 Ubi
357 2540 426 2567 nos
442 2528 552 2566 hilari
568 2529 719 2576 ingenio
737 2532 776 2566 et
791 2528 916 2575 lepide
933 2529 1106 2575 accipiet.
1141 2530 1289 2577 Ecquid
1308 2531 1378 2567 tibi
1404 2533 1466 2576 (tr.
1480 2533 1593 2577 sept.)

500 2589 642 2626 Videor
666 2589 966 2627 mamamadere‘?
993 2589 1127 2635 (troch.
1146 2590 1232 2636 trip.
1250 2593 1323 2636 ac.)
