1848 3081
928 176 988 220 38

410 294 562 341 optumi
580 294 745 332 maxumi
762 305 903 332 morem
920 293 1064 332 habent
1079 293 1180 331 hunc
1196 296 1265 340 (er.
1275 294 1460 332 dim.cum
1474 296 1520 330 tr.
1536 294 1652 339 mon.)

313 355 471 393 Clientis
496 354 569 392 sibi
595 355 717 393 omnis
742 355 881 392 volunt·
898 364 982 392 esse
1007 353 1163 392 multos:
1193 353 1434 407 (b.tetr.¹ac.)

360 414 508 453 Bonine
533 426 580 452 an
606 416 695 452 mali
720 415 808 461 sint,
834 414 874 451 id
898 414 1001 451 haud
1025 413 1250 461 quaeritant.
1279 414 1331 458 (b.
1349 416 1436 451 tetr.
1458 416 1507 458 c.)

262 484 320 528 ib.
344 484 448 528 966.

312 560 538 606 spectamen
562 559 664 596 bono
689 569 799 596 servo
824 559 866 596 id
889 562 957 605 est,
983 559 1049 606 qui
1074 569 1153 596 rem
1177 558 1308 596 erilem
1333 557 1386 604 (b.
1403 561 1489 596 tetr.
1507 561 1580 604 ac.)

301 620 506 666 Procurat,
531 619 648 666 videt,
674 619 834 657 collocat
857 619 1088 666 cogitatque,
1113 621 1127 663 (
1129 618 1244 666 „que“
1268 629 1343 657 om.
1360 618 1423 664 Β..)

311 680 363 717 Ut
386 680 543 717 absente
568 690 632 716 ero
658 690 736 716 rem
762 679 817 716 eri
842 679 1047 726 diligenter

360 740 534 784 Tutetur,
560 749 673 785 quam
699 738 758 775 six
784 739 867 786 ipse
891 739 993 776 adsit
1016 741 1082 775 aut
1106 738 1261 775 rectius.
1287 738 1339 783 (b.
1356 716 1443 776 tetr.
1460 741 1547 783 cat)

264 808 468 865 Sequitur
489 809 593 851 970.
629 807 773 852 bacch.
795 810 1046 851 tetrameter
1078 807 1259 862 ει6.,6111
1291 807 1375 851 duo
1407 811 1488 852 cat.
1520 810 1653 851 tetra-

261 886 390 932 metn'
422 899 521 930 611111
550 886 748 929 trimetro
781 888 863 929 cat.
895 885 1096 929 videntur
1127 884 1374 929 succedere:

554 962 707 999 Potiora
731 971 816 998 esse
841 962 931 1008 quoi
958 973 1021 999 cor
1047 962 1217 999 modeste
1241 962 1405 999 situmst.

555 1022 789 1060 Recordetur
813 1021 864 1068 id,
891 1022 956 1068 qui
981 1020 1049 1058 nili
1075 1025 1175 1068 sunt,
1201 1022 1294 1068 quid
1318 1022 1351 1059 is

629 1082 733 1119 Preti
758 1082 869 1119 detur
894 1081 943 1118 ab
968 1081 1047 1118 suis
1072 1082 1159 1119 eris.

354 1151 460 1194 Tres
501 1151 726 1195 continuos
764 1151 892 1193 huius
924 1150 1092 1204 generis
1125 1163 1273 1194 versus
1304 1153 1556 1195 tetrametro
1588 1163 1651 1194 ac.

260 1228 325 1272 Fl.
348 1228 458 1272 Rud.
487 1229 571 1272 193
595 1242 659 1286 sq.
693 1229 942 1274 subiunctos
963 1227 1115 1285 voluit,
1148 1228 1222 1285 qui
1252 1228 1371 1273 locus
1404 1241 1487 1287 quo
1509 1228 1652 1287 potius

260 1307 388 1351 modo
421 1307 672 1352 scribendus
706 1321 800 1351 esse
830 1306 1042 1362 videatur,
1075 1320 1207 1364 supra
1239 1306 1316 1361 (ΙΙ.
1341 1309 1382 1350 3.
1405 1307 1457 1361 4)
1488 1307 1651 1351 indica-

260 1389 354 1429 tum
387 1389 465 1429 est.
512 1385 659 1429 Etiam
692 1399 797 1442 quos
831 1384 914 1428 duo
947 1387 1221 1429 tetrametros
1251 1383 1303 1428 R.
1335 1384 1463 1429 Most.
1481 1386 1569 1429 862
1587 1399 1649 1442 sq.

261 1463 506 1508 acatalectis
545 1464 769 1508 subiunxit
808 1467 851 1508 et
890 1477 996 1521 quos
1043 1466 1131 1508 tres
1176 1463 1445 1508 catalecticos
1490 1464 1650 1509 ibidem

261 1542 424 1586 eisdem
456 1543 701 1587 acatalectis
732 1542 972 1600 praemisit,
1004 1543 1313 1587 incertissimos
1338 1556 1431 1587 esse
1455 1546 1651 1601 apparet,

260 1621 372 1665 sicut
391 1621 435 1664 id
458 1621 805 1665 catalectieorum
826 1634 920 1678 par,
954 1620 1066 1678 quod
1092 1621 1206 1678 apud
1229 1620 1411 1665 eundem
1433 1621 1551 1666 Trin.
1562 1622 1648 1666 257

259 1700 424 1758 pariter
456 1699 702 1744 acatalectis
734 1700 1023 1757 praemissum
1055 1702 1135 1756 est,
1167 1700 1253 1744 iam
1287 1714 1418 1758 supra
1449 1700 1528 1754 (cf.
1550 1700 1582 1744 Ι.
1607 1702 1648 1744 2.

259 1777 312 1821 II.
341 1780 378 1820 1.
408 1778 455 1832 1)
496 1777 803 1821 removendum
843 1781 948 1821 erat.
1012 1776 1301 1822 Mostellariae
1339 1778 1458 1823 locus
1496 1779 1533 1823 si
1570 1778 1650 1823 hoc

259 1856 386 1901 modo
404 1856 622 1913 scribitur,
637 1870 724 1900 non
744 1857 874 1901 nimis
897 1856 1132 1900 disceditur
1147 1870 1173 1900 a
1188 1857 1399 1901 librorum
1415 1858 1648 1916 scriptura:

311 1932 419 1969 Servi
437 1933 514 1979 qui,
533 1943 646 1979 quom
665 1932 778 1979 culpa
795 1935 937 1979 carent,
954 1936 1081 1970 tamen
1098 1933 1237 1970 malum
1254 1935 1436 1981 metuont,
1452 1933 1487 1971 ei
1505 1933 1543 1980 (i.
1557 1935 1649 1980 oct.)

480 1993 611 2031 Solent
637 2004 721 2031 esse
746 1997 818 2031 eris
843 1994 1008 2031 utibiles.
1036 1994 1075 2037 (i.
1094 1994 1186 2030 dim.
1204 1996 1253 2039 c.)

308 2054 403 2091 Nam
428 2053 481 2090 illi
507 2054 572 2100 qui
597 2054 651 2090 nil
677 2057 859 2101 metuont,
884 2058 1085 2101 postquam
1111 2057 1202 2091 sunt
1221 2054 1508 2101 malum-meriti,
1533 2055 1649 2092 stulta

1064 2113 1137 2151 sibi
1163 2115 1288 2160 (anap.
1305 2116 1417 2161 sept.)

480 2174 676 2220 Expetunt
700 2174 876 2211 consilia:
904 2173 1038 2218 (troch.
1056 2175 1143 2220 trip.
1160 2177 1234 2220 ac.)

307 2232 496 2271 Exercent
519 2244 603 2270 sese
627 2234 675 2270 ad
700 2244 907 2279 cursuram,
934 2233 1097 2281 fugiunt,
1123 2234 1190 2271 sed
1215 2235 1250 2271 ei
1276 2234 1308 2271 si
1332 2233 1513 2280 reprensi,
1600 2269 1603 2272 .

1365 2292 1598 2340 (troch.oct.)

307 2339 470 2376 Faciunt
494 2350 572 2388 sq.;
1556 2346 1558 2348 ’

261 2448 284 2470 ,,
300 2412 450 2471 sunt‚“
492 2415 606 2472 quod
644 2415 745 2460 libri
782 2420 882 2474 post
916 2417 1145 2475 „reprensi
1160 2414 1181 2437 “
1216 2414 1402 2473 addunt,
1442 2416 1510 2460 his
1541 2413 1647 2461 locis

258 2493 393 2536 fretus
440 2494 587 2537 omisi:
634 2494 795 2552 Amph.
820 2496 924 2538 474.
950 2496 1053 2540 575.
1082 2496 1183 2539 779.
1248 2494 1381 2540 Stich.
1407 2495 1509 2540 201.
1541 2496 1645 2540 212.

260 2571 377 2615 Trin.
395 2572 499 2616 426.
521 2572 626 2616 535.
649 2573 779 2616 1049.
828 2573 976 2629 Neque
1008 2574 1191 2618 certiora
1221 2576 1322 2618 sunt
1353 2573 1551 2631 exempla
1581 2577 1645 2618 te-
