1848 3081
865 181 923 224 35

205 303 350 350 Etiam
373 300 507 345 Truc.
528 299 601 344 IV.
625 301 666 345 2.
688 300 732 344 4.
766 313 863 344 mea
895 301 1069 356 quidem
1101 302 1312 346 sententia
1342 302 1592 347 hexameter

206 373 457 424 statuendus
487 375 572 418 est:

302 444 321 491 ΙΙ
348 443 483 486 Prome
507 445 745 482 venustatem
770 442 910 479 amanti
935 445 1039 479 tuam
1064 445 1108 479 ut
1132 443 1270 490 gaudia
1296 445 1363 488 (cr.
1379 445 1481 487 tetr.)

340 496 345 499 ’
432 496 435 499 ’
495 503 709 549 compares,
725 502 744 548 ΙΙ
760 512 831 549 ego
856 502 1007 539 interim
1032 502 1095 539 hic
1122 504 1183 547 (tt.
1201 503 1291 541 dim.
1309 505 1358 548 c.)

348 561 529 599 Restitrix
552 561 789 608 praesidebo,
815 561 887 598 iste
911 561 1002 599 dum
1028 562 1083 598 sic
1109 561 1225 598 faciat
1240 563 1257 608 ΙΙ
1287 564 1352 607 (cr.
1370 565 1472 607 tetr.)

398 621 560 659 Domum
584 621 634 659 ad
659 624 698 659 te
722 631 944 669 exagogam,
969 632 1040 659 nec
1063 631 1292 669 quemquam
1318 621 1469 659 interim
1494 622 1590 659 istoc

1372 681 1424 725 (b.
1442 684 1542 726 tetr.)

253 742 314 781 Ad
340 752 407 780 vos
422 741 441 788 ΙΙ
456 740 522 788 qui
547 740 599 781 sit
622 740 673 779 sit
696 740 796 788 odio,
822 740 1088 780 intromittam:
1122 744 1164 779 tu
1188 752 1305 790 perge
1329 744 1372 779 ut
1395 741 1511 789 lubet,
1536 741 1591 779 lu-

1004 802 1094 839 dere
1119 802 1225 840 istos.
1249 803 1268 848 ΙΙ
1296 803 1348 847 (b.
1364 802 1466 847 hex.)

204 871 335 917 Porro
368 869 432 915 Fl.
461 869 620 928 Amph.
644 869 698 914 Π.
728 871 770 915 2.
798 872 836 914 1.
876 883 1029 915 novem
1062 871 1288 915 continuos
1320 871 1591 916 hexametros

205 950 360 1006 edidit,
401 962 582 1006 quorum
621 953 768 993 tamen
809 952 1010 1005 quattuor
1049 953 1217 993 tantum
1255 964 1281 993 a
1311 950 1432 994 libris
1462 950 1591 994 fidem

204 1028 373 1073 habent.
437 1026 552 1080 Quos
584 1028 621 1072 si
653 1027 895 1086 sequimur,
936 1028 1147 1072 secundus
1181 1032 1224 1073 et
1256 1029 1408 1073 tertius
1440 1043 1589 1073 versus

204 1108 266 1150 sic
296 1110 398 1150 sunt
429 1107 663 1151 scribendi:

492 1183 700 1230 Praequam
726 1182 829 1230 quod
854 1182 1120 1220 molestumst‘?
1145 1183 1196 1228 (b.
1215 1182 1321 1230 dim.)

419 1242 478 1280 Ita
502 1243 667 1290 quoique
691 1246 983 1289 comparatumst
1008 1244 1046 1287 (i.
1065 1243 1156 1280 dim.
1175 1246 1224 1288 c.)

322 1302 367 1340 In
391 1305 515 1345 aetate
538 1302 752 1340 hominum:
769 1303 787 1350 ΙΙ
851 1302 909 1340 Ita
933 1302 992 1340 dis
1018 1306 1076 1340 est
1099 1303 1293 1350 placitum,
1320 1304 1359 1347 (i.
1378 1304 1464 1351 trip.
1483 1307 1532 1350 c.)

370 1362 612 1409 Voluptatem
638 1367 681 1400 ut
696 1373 852 1406 *moeror
876 1373 1003 1400 comes
1029 1367 1292 1410 consequatur,
1320 1363 1371 1409 (b.
1390 1367 1503 1409 tetr.),

202 1430 411 1488 septimus
444 1434 486 1475 et
516 1444 654 1475 nonus
686 1430 765 1475 hoc
796 1431 942 1475 modo:

279 1506 435 1545 Noctem
461 1517 575 1544 unam
601 1506 712 1544 modo
737 1509 851 1553 atque
877 1507 910 1543 is
935 1510 1089 1552 repente
1114 1507 1208 1544 abiit
1232 1519 1255 1544 a
1280 1518 1340 1545 me
1366 1508 1417 1553 (b.
1435 1511 1537 1552 tetr.)

490 1567 589 1604 Hinc
614 1571 701 1604 ante
725 1567 845 1604 lucem
872 1567 911 1613 (i.
930 1568 1018 1613 trip.
1037 1569 1085 1612 c.)

297 1627 386 1664 Plus
411 1627 516 1675 aeg-ri
541 1638 588 1664 ex
612 1626 717 1664 abitu
744 1628 783 1672 (i.
804 1627 892 1673 trip.
911 1630 1000 1673 cat.)

248 1686 330 1724 Viri
355 1697 469 1733 quam
494 1698 542 1724 ex
566 1687 730 1724 adventu
755 1687 961 1733 voluptatis
986 1686 1070 1733 cepi
1096 1686 1148 1732 (b.
1167 1689 1269 1730 tetr.)

201 1750 289 1794 vel·
326 1808 416 1845 Plus
441 1808 545 1855 aegri
570 1818 618 1845 ex
641 1808 746 1846 abitu
769 1807 843 1844 viri
868 1809 929 1853 (tr.
949 1807 1039 1844 dim.
1058 1810 1146 1853 cat.)

249 1867 368 1913 Quam
394 1878 442 1905 ex
459 1867 624 1905 adventu
640 1868 845 1915 voluptatis
862 1868 948 1914 cepi
974 1870 1041 1912 (cr.
1055 1868 1145 1904 dim.
1159 1878 1245 1904 cum
1260 1877 1423 1904 monom.
1437 1866 1585 1912 troch.),

201 1946 348 1987 sextus
380 1942 448 1987 vel
479 1943 575 1987 hex.
606 1943 646 1987 b.
679 1946 760 1987 cat.
793 1946 881 1999 est,
926 1942 993 1987 vel
1034 1956 1087 1986 ex
1119 1941 1264 1986 bacch.
1296 1945 1395 1986 tetr.
1428 1944 1510 1985 cat.
1544 1944 1587 1985 et

201 2021 317 2065 trim.
340 2025 422 2066 cat.
443 2024 632 2067 constat:

249 2098 456 2144 Parumper
478 2098 614 2152 datast,
640 2098 730 2134 dum
755 2098 828 2135 viri
854 2098 927 2134 mei
952 2097 1043 2133 mihi
1092 2097 1266 2133 Potestas
1289 2096 1444 2132 videndi
1469 2095 1551 2131 fuit.

290 2169 349 2216 Ut
385 2172 432 2216 in
471 2172 537 2216 his
568 2171 762 2217 versibus
801 2172 913 2216 sicut
950 2171 996 2215 in
1037 2174 1240 2228 sequente
1276 2169 1431 2215 cantici
1463 2172 1585 2227 parte

202 2248 279 2304 (cf.
296 2249 330 2294 I.
353 2252 392 2295 1.
423 2249 476 2294 H.
498 2252 537 2295 1.
559 2250 608 2308 1)
640 2250 807 2294 minora
838 2250 931 2294 cola
961 2250 1007 2293 in
1032 2249 1187 2294 Vetere
1219 2251 1438 2294 contracta
1471 2251 1584 2304 sunt,

199 2328 262 2373 ita
292 2330 447 2387 reliqui
481 2329 540 2385 (1.
557 2331 600 2374 4.
619 2330 661 2375 5.
680 2329 723 2386 8)
756 2328 864 2373 tales
897 2332 1010 2386 sunt,
1044 2332 1093 2373 ut
1125 2329 1305 2374 eandem
1333 2328 1385 2373 de
1407 2329 1468 2372 eis
1491 2341 1582 2371 rem

202 2421 295 2453 esse
327 2410 537 2468 suspicari
575 2409 764 2467 proclive
796 2408 865 2452 sit.
928 2407 1123 2465 Primus,
1167 2411 1365 2465 quartus,
1408 2407 1582 2464 quintus

201 2491 397 2533 constare
427 2491 609 2546 possunt
640 2502 693 2532 ex
731 2489 771 2532 b.
804 2488 986 2531 dimetro
1018 2491 1061 2530 et
1092 2489 1365 2542 tetrametro,
1407 2489 1583 2529 octavus

201 2579 254 2609 ex
286 2567 416 2612 iamb.
440 2566 542 2611 dim.
564 2569 646 2611 cat.
669 2569 713 2611 et
736 2567 776 2611 b.
799 2568 1049 2610 tetrametro
1081 2578 1168 2609 ac.:

417 2643 506 2682 Sola
528 2643 592 2680 hic
617 2642 710 2680 mihi
734 2653 836 2680 nunc
858 2642 991 2680 videor
1038 2641 1134 2686 Quia
1159 2640 1223 2678 ille
1247 2639 1337 2677 hinc
1362 2650 1420 2686 sq.

1309 2705 1365 2744 3*
