<?xml version="1.0" encoding="UTF-8"?>
<!DOCTYPE html PUBLIC "-//W3C//DTD XHTML 1.0 Transitional//EN"
    "http://www.w3.org/TR/xhtml1/DTD/xhtml1-transitional.dtd">
<html xmlns="http://www.w3.org/1999/xhtml" xml:lang="en" lang="en">
 <head>
  <title>
</title>
<meta http-equiv="Content-Type" content="text/html;charset=utf-8" />
  <meta name='ocr-system' content='tesseract 3.04.00' />
  <meta name='ocr-capabilities' content='ocr_page ocr_carea ocr_par ocr_line ocrx_word'/>
</head>
<body>
  <div class='ocr_page' id='page_1' title='image "4737199_0022.png"; bbox 0 0 1848 3081; ppageno 0'>
   <div class='ocr_carea' id='block_1_1' title="bbox 914 151 967 194">
    <p class='ocr_par' dir='ltr' id='par_1_1' title="bbox 829 151 967 216">
     <span class='ocr_line' id='line_1_1' title="bbox 914 151 967 194; baseline -0.014 -1.232"><span class='ocrx_word' id='word_1_1' title='bbox 914 151 967 194; x_wconf 87' lang='lat'><strong>16</strong></span> 
     </span>
    </p>
   </div>
   <div class='ocr_carea' id='block_1_2' title="bbox 882 212 1044 217">
    <p class='ocr_par' dir='ltr' id='par_1_2' title="bbox 882 212 1044 217">
     <span class='ocr_line' id='line_1_2' title="bbox 882 212 1044 217; baseline 0 0"><span class='ocrx_word' id='word_1_2' title='bbox 882 212 1044 217; x_wconf 95' lang='lat' dir='ltr'><strong> </strong></span> 
     </span>
    </p>
   </div>
   <div class='ocr_carea' id='block_1_3' title="bbox 240 269 1635 396">
    <p class='ocr_par' dir='ltr' id='par_1_3' title="bbox 240 269 1635 396">
     <span class='ocr_line' id='line_1_3' title="bbox 242 269 1635 330; baseline 0.002 -18"><span class='ocrx_word' id='word_1_3' title='bbox 242 269 459 313; x_wconf 90' lang='lat' dir='ltr'><strong>continere</strong></span> <span class='ocrx_word' id='word_1_4' title='bbox 499 269 665 315; x_wconf 87' lang='lat' dir='ltr'><strong>debeat.</strong></span> <span class='ocrx_word' id='word_1_5' title='bbox 727 270 841 314; x_wconf 91' lang='lat' dir='ltr'><strong>Nam</strong></span> <span class='ocrx_word' id='word_1_6' title='bbox 884 284 990 328; x_wconf 92' lang='lat' dir='ltr'><strong>quos</strong></span> <span class='ocrx_word' id='word_1_7' title='bbox 1021 283 1075 314; x_wconf 93' lang='lat' dir='ltr'><strong>ne</strong></span> <span class='ocrx_word' id='word_1_8' title='bbox 1108 281 1242 315; x_wconf 90' lang='lat' dir='ltr'><strong>unum</strong></span> <span class='ocrx_word' id='word_1_9' title='bbox 1274 270 1445 329; x_wconf 87' lang='lat' dir='ltr'><strong>quidem</strong></span> <span class='ocrx_word' id='word_1_10' title='bbox 1477 285 1635 330; x_wconf 88' lang='lat' dir='ltr'><strong>purum</strong></span> 
     </span>
     <span class='ocr_line' id='line_1_4' title="bbox 240 348 1634 396; baseline 0.004 -5"><span class='ocrx_word' id='word_1_11' title='bbox 240 348 464 392; x_wconf 79' lang='lat' dir='ltr'>bacchium</span> <span class='ocrx_word' id='word_1_12' title='bbox 495 349 701 394; x_wconf 87' lang='lat' dir='ltr'><strong>habentes</strong></span> <span class='ocrx_word' id='word_1_13' title='bbox 733 353 1007 394; x_wconf 86' lang='lat' dir='ltr'><strong>tetrametros</strong></span> <span class='ocrx_word' id='word_1_14' title='bbox 1040 348 1184 394; x_wconf 90' lang='lat' dir='ltr'><strong>bacch.</strong></span> <span class='ocrx_word' id='word_1_15' title='bbox 1209 363 1271 395; x_wconf 88' lang='lat' dir='ltr'><strong>ac.</strong></span> <span class='ocrx_word' id='word_1_16' title='bbox 1303 351 1498 395; x_wconf 88' lang='lat' dir='ltr'><strong>homines</strong></span> <span class='ocrx_word' id='word_1_17' title='bbox 1520 351 1634 396; x_wconf 80' lang='lat' dir='ltr'><strong>docti</strong></span> 
     </span>
    </p>
   </div>
   <div class='ocr_carea' id='block_1_4' title="bbox 240 428 1631 641">
    <p class='ocr_par' dir='ltr' id='par_1_4' title="bbox 240 428 1631 641">
     <span class='ocr_line' id='line_1_5' title="bbox 242 428 1631 487; baseline 0.003 -17"><span class='ocrx_word' id='word_1_18' title='bbox 242 430 500 484; x_wconf 84' lang='lat' dir='ltr'><strong>statuerunt,</strong></span> <span class='ocrx_word' id='word_1_19' title='bbox 532 428 804 485; x_wconf 84' lang='lat' dir='ltr'><strong>paucissimis</strong></span> <span class='ocrx_word' id='word_1_20' title='bbox 836 430 1028 487; x_wconf 82' lang='lat' dir='ltr'><strong>exceptis</strong></span> <span class='ocrx_word' id='word_1_21' title='bbox 1058 441 1205 472; x_wconf 92' lang='lat' dir='ltr'><strong>omnes</strong></span> <span class='ocrx_word' id='word_1_22' title='bbox 1228 430 1344 472; x_wconf 91' lang='lat' dir='ltr'><strong>omni</strong></span> <span class='ocrx_word' id='word_1_23' title='bbox 1366 429 1449 474; x_wconf 92' lang='lat' dir='ltr'><strong>fide</strong></span> <span class='ocrx_word' id='word_1_24' title='bbox 1471 434 1631 474; x_wconf 89' lang='lat' dir='ltr'><strong>carent.</strong></span> 
     </span>
     <span class='ocr_line' id='line_1_6' title="bbox 240 503 1631 564; baseline 0.002 -16"><span class='ocrx_word' id='word_1_25' title='bbox 240 503 299 548; x_wconf 93' lang='lat' dir='ltr'><strong>Ut</strong></span> <span class='ocrx_word' id='word_1_26' title='bbox 335 505 400 561; x_wconf 86' lang='lat' dir='ltr'><strong>hi,</strong></span> <span class='ocrx_word' id='word_1_27' title='bbox 440 519 548 562; x_wconf 89' lang='lat' dir='ltr'><strong>quae</strong></span> <span class='ocrx_word' id='word_1_28' title='bbox 582 506 696 564; x_wconf 89' lang='lat' dir='ltr'><strong>apud</strong></span> <span class='ocrx_word' id='word_1_29' title='bbox 727 506 777 550; x_wconf 85' lang='lat' dir='ltr'><strong>R.</strong></span> <span class='ocrx_word' id='word_1_30' title='bbox 812 510 855 550; x_wconf 91' lang='lat' dir='ltr'><strong>et</strong></span> <span class='ocrx_word' id='word_1_31' title='bbox 885 506 949 550; x_wconf 93' lang='lat' dir='ltr'><strong>Fl.</strong></span> <span class='ocrx_word' id='word_1_32' title='bbox 982 507 1204 562; x_wconf 84' lang='lat' dir='ltr'><strong>leguntur:</strong></span> <span class='ocrx_word' id='word_1_33' title='bbox 1246 506 1407 564; x_wconf 90' lang='lat' dir='ltr'><strong>Amph.</strong></span> <span class='ocrx_word' id='word_1_34' title='bbox 1431 509 1520 553; x_wconf 82' lang='lat'><strong>576</strong></span> <span class='ocrx_word' id='word_1_35' title='bbox 1554 508 1631 562; x_wconf 85' lang='lat' dir='ltr'><strong>(cf.</strong></span> 
     </span>
     <span class='ocr_line' id='line_1_7' title="bbox 241 582 1631 641; baseline 0.003 -15"><span class='ocrx_word' id='word_1_36' title='bbox 241 583 274 626; x_wconf 92' lang='grc' dir='ltr'><strong>Ι.</strong></span> <span class='ocrx_word' id='word_1_37' title='bbox 294 585 353 637; x_wconf 93' lang='grc'><strong>6).</strong></span> <span class='ocrx_word' id='word_1_38' title='bbox 388 582 512 641; x_wconf 87' lang='lat' dir='ltr'><strong>Capt.</strong></span> <span class='ocrx_word' id='word_1_39' title='bbox 530 586 622 628; x_wconf 80' lang='lat'><strong>500</strong></span> <span class='ocrx_word' id='word_1_40' title='bbox 644 584 713 639; x_wconf 91' lang='lat' dir='ltr'><strong>(cf.</strong></span> <span class='ocrx_word' id='word_1_41' title='bbox 732 584 763 628; x_wconf 94' lang='lat' dir='ltr'><strong>I.</strong></span> <span class='ocrx_word' id='word_1_42' title='bbox 780 585 840 639; x_wconf 83' lang='lat'><strong>5).</strong></span> <span class='ocrx_word' id='word_1_43' title='bbox 873 584 1094 629; x_wconf 82' lang='lat' dir='ltr'><strong>Trin.24O</strong></span> <span class='ocrx_word' id='word_1_44' title='bbox 1118 585 1187 639; x_wconf 92' lang='lat' dir='ltr'><strong>(cf.</strong></span> <span class='ocrx_word' id='word_1_45' title='bbox 1204 584 1237 628; x_wconf 93' lang='lat' dir='ltr'><strong>I.</strong></span> <span class='ocrx_word' id='word_1_46' title='bbox 1249 585 1308 639; x_wconf 82' lang='lat'><strong>2).</strong></span> <span class='ocrx_word' id='word_1_47' title='bbox 1332 585 1420 629; x_wconf 82' lang='lat'><strong>278</strong></span> <span class='ocrx_word' id='word_1_48' title='bbox 1439 587 1508 640; x_wconf 90' lang='lat' dir='ltr'><strong>(cf.</strong></span> <span class='ocrx_word' id='word_1_49' title='bbox 1523 585 1556 630; x_wconf 93' lang='lat' dir='ltr'><strong>I.</strong></span> <span class='ocrx_word' id='word_1_50' title='bbox 1572 587 1631 640; x_wconf 83' lang='lat'><strong>8).</strong></span> 
     </span>
    </p>
   </div>
   <div class='ocr_carea' id='block_1_5' title="bbox 239 674 1628 1368">
    <p class='ocr_par' dir='ltr' id='par_1_5' title="bbox 239 674 1628 1368">
     <span class='ocr_line' id='line_1_8' title="bbox 240 674 1470 731; baseline -0.001 -14"><span class='ocrx_word' id='word_1_51' title='bbox 240 674 400 731; x_wconf 88' lang='lat' dir='ltr'><strong>Amph.</strong></span> <span class='ocrx_word' id='word_1_52' title='bbox 419 674 523 718; x_wconf 84' lang='lat'><strong>651.</strong></span> <span class='ocrx_word' id='word_1_53' title='bbox 551 678 625 725; x_wconf 91' lang='lat' dir='ltr'><strong>[Et]</strong></span> <span class='ocrx_word' id='word_1_54' title='bbox 652 679 774 725; x_wconf 87' lang='lat' dir='ltr'><strong>patria</strong></span> <span class='ocrx_word' id='word_1_55' title='bbox 800 682 838 715; x_wconf 92' lang='lat' dir='ltr'><strong>et</strong></span> <span class='ocrx_word' id='word_1_56' title='bbox 862 679 1039 726; x_wconf 82' lang='lat' dir='ltr'><strong>prognati</strong></span> <span class='ocrx_word' id='word_1_57' title='bbox 1064 682 1235 716; x_wconf 85' lang='lat' dir='ltr'><strong>tutantur</strong></span> <span class='ocrx_word' id='word_1_58' title='bbox 1259 682 1470 716; x_wconf 89' lang='lat' dir='ltr'><strong>servantur.</strong></span> 
     </span>
     <span class='ocr_line' id='line_1_9' title="bbox 242 746 1627 798; baseline 0.001 -9"><span class='ocrx_word' id='word_1_59' title='bbox 242 746 359 789; x_wconf 89' lang='lat' dir='ltr'><strong>Trin.</strong></span> <span class='ocrx_word' id='word_1_60' title='bbox 384 748 486 791; x_wconf 79' lang='lat'><strong>259.</strong></span> <span class='ocrx_word' id='word_1_61' title='bbox 550 751 612 788; x_wconf 86' lang='lat' dir='ltr'><strong>Nil</strong></span> <span class='ocrx_word' id='word_1_62' title='bbox 628 754 666 787; x_wconf 90' lang='lat' dir='ltr'><strong>te</strong></span> <span class='ocrx_word' id='word_1_63' title='bbox 685 754 780 788; x_wconf 92' lang='lat' dir='ltr'><strong>utor.</strong></span> <span class='ocrx_word' id='word_1_64' title='bbox 807 751 1078 797; x_wconf 79' lang='lat' dir='ltr'><strong>Quamquamst</strong></span> <span class='ocrx_word' id='word_1_65' title='bbox 1092 750 1186 787; x_wconf 89' lang='lat' dir='ltr'><strong>illud</strong></span> <span class='ocrx_word' id='word_1_66' title='bbox 1198 751 1321 798; x_wconf 86' lang='lat' dir='ltr'>dulce,</span> <span class='ocrx_word' id='word_1_67' title='bbox 1339 762 1423 789; x_wconf 88' lang='lat' dir='ltr'><strong>esse</strong></span> <span class='ocrx_word' id='word_1_68' title='bbox 1436 753 1475 789; x_wconf 81' lang='lat' dir='ltr'><strong>e&#39;t</strong></span> <span class='ocrx_word' id='word_1_69' title='bbox 1485 751 1627 790; x_wconf 85' lang='lat' dir='ltr'><strong>bibere.</strong></span> 
     </span>
     <span class='ocr_line' id='line_1_10' title="bbox 240 817 1518 868; baseline -0.001 -6"><span class='ocrx_word' id='word_1_70' title='bbox 240 817 363 862; x_wconf 85' lang='lat' dir='ltr'><strong>Asin.</strong></span> <span class='ocrx_word' id='word_1_71' title='bbox 392 820 491 863; x_wconf 86' lang='lat'><strong>133.</strong></span> <span class='ocrx_word' id='word_1_72' title='bbox 551 822 801 868; x_wconf 86' lang='lat' dir='ltr'><strong>Pellecebrae‚</strong></span> <span class='ocrx_word' id='word_1_73' title='bbox 826 822 1024 868; x_wconf 90' lang='lat' dir='ltr'><strong>pernicies,</strong></span> <span class='ocrx_word' id='word_1_74' title='bbox 1051 822 1335 859; x_wconf 80' lang='lat' dir='ltr'>adulescentum</span> <span class='ocrx_word' id='word_1_75' title='bbox 1362 823 1518 861; x_wconf 86' lang='lat' dir='ltr'><strong>exitum.</strong></span> 
     </span>
     <span class='ocr_line' id='line_1_11' title="bbox 240 890 1628 942; baseline -0.001 -9"><span class='ocrx_word' id='word_1_76' title='bbox 240 890 395 935; x_wconf 84' lang='lat' dir='ltr'>Pseud.</span> <span class='ocrx_word' id='word_1_77' title='bbox 414 892 517 935; x_wconf 84' lang='lat'><strong>931.</strong></span> <span class='ocrx_word' id='word_1_78' title='bbox 552 894 701 931; x_wconf 86' lang='lat' dir='ltr'><strong>Occidis</strong></span> <span class='ocrx_word' id='word_1_79' title='bbox 719 904 789 940; x_wconf 87' lang='lat' dir='ltr'><strong>me,</strong></span> <span class='ocrx_word' id='word_1_80' title='bbox 808 905 921 940; x_wconf 91' lang='lat' dir='ltr'><strong>quom</strong></span> <span class='ocrx_word' id='word_1_81' title='bbox 940 894 1038 931; x_wconf 90' lang='lat' dir='ltr'><strong>istuc</strong></span> <span class='ocrx_word' id='word_1_82' title='bbox 1057 895 1210 941; x_wconf 82' lang='lat' dir='ltr'><strong>rogitas.</strong></span> <span class='ocrx_word' id='word_1_83' title='bbox 1237 896 1437 933; x_wconf 90' lang='lat' dir='ltr'><strong>Hominem</strong></span> <span class='ocrx_word' id='word_1_84' title='bbox 1452 896 1628 942; x_wconf 90' lang='lat' dir='ltr'><strong>lepidum.</strong></span> 
     </span>
     <span class='ocr_line' id='line_1_12' title="bbox 386 963 1419 1015; baseline 0.003 -13"><span class='ocrx_word' id='word_1_85' title='bbox 386 963 517 1007; x_wconf 80' lang='lat'><strong>1253.</strong></span> <span class='ocrx_word' id='word_1_86' title='bbox 551 966 610 1003; x_wconf 84' lang='lat' dir='ltr'><strong>Ita</strong></span> <span class='ocrx_word' id='word_1_87' title='bbox 633 966 739 1003; x_wconf 82' lang='lat' dir='ltr'><strong>victu</strong></span> <span class='ocrx_word' id='word_1_88' title='bbox 766 970 956 1013; x_wconf 80' lang='lat' dir='ltr'><strong>excurato,</strong></span> <span class='ocrx_word' id='word_1_89' title='bbox 983 967 1037 1003; x_wconf 90' lang='lat' dir='ltr'><strong>ita</strong></span> <span class='ocrx_word' id='word_1_90' title='bbox 1062 967 1256 1005; x_wconf 80' lang='lat' dir='ltr'><strong>munditiis</strong></span> <span class='ocrx_word' id='word_1_91' title='bbox 1281 968 1419 1015; x_wconf 85' lang='lat' dir='ltr'><strong>dignis.</strong></span> 
     </span>
     <span class='ocr_line' id='line_1_13' title="bbox 385 1037 1551 1085; baseline 0.001 -10"><span class='ocrx_word' id='word_1_92' title='bbox 385 1037 515 1080; x_wconf 78' lang='lat'><strong>1257.</strong></span> <span class='ocrx_word' id='word_1_93' title='bbox 548 1039 620 1075; x_wconf 85' lang='lat' dir='ltr'><strong>Hic</strong></span> <span class='ocrx_word' id='word_1_94' title='bbox 645 1050 776 1076; x_wconf 91' lang='lat' dir='ltr'><strong>omnes</strong></span> <span class='ocrx_word' id='word_1_95' title='bbox 800 1040 1025 1085; x_wconf 90' lang='lat' dir='ltr'><strong>voluptates,</strong></span> <span class='ocrx_word' id='word_1_96' title='bbox 1053 1050 1184 1076; x_wconf 88' lang='lat' dir='ltr'><strong>omnes</strong></span> <span class='ocrx_word' id='word_1_97' title='bbox 1208 1044 1427 1077; x_wconf 86' lang='lat' dir='ltr'><strong>venustates</strong></span> <span class='ocrx_word' id='word_1_98' title='bbox 1453 1044 1551 1076; x_wconf 89' lang='lat' dir='ltr'><strong>sunt.</strong></span> 
     </span>
     <span class='ocr_line' id='line_1_14' title="bbox 382 1108 1542 1157; baseline -0.002 -6"><span class='ocrx_word' id='word_1_99' title='bbox 382 1108 513 1151; x_wconf 81' lang='grc'><strong>1272.</strong></span> <span class='ocrx_word' id='word_1_100' title='bbox 546 1110 622 1147; x_wconf 89' lang='lat' dir='ltr'><strong>Sed</strong></span> <span class='ocrx_word' id='word_1_101' title='bbox 646 1115 845 1157; x_wconf 84' lang='lat' dir='ltr'><strong>postquam</strong></span> <span class='ocrx_word' id='word_1_102' title='bbox 870 1111 1056 1156; x_wconf 84' lang='lat' dir='ltr'><strong>exurrexi,</strong></span> <span class='ocrx_word' id='word_1_103' title='bbox 1082 1114 1192 1147; x_wconf 88' lang='lat' dir='ltr'><strong>orant</strong></span> <span class='ocrx_word' id='word_1_104' title='bbox 1216 1111 1302 1148; x_wconf 89' lang='lat' dir='ltr'><strong>med</strong></span> <span class='ocrx_word' id='word_1_105' title='bbox 1331 1115 1375 1148; x_wconf 92' lang='lat' dir='ltr'><strong>ut</strong></span> <span class='ocrx_word' id='word_1_106' title='bbox 1397 1112 1542 1149; x_wconf 78' lang='lat' dir='ltr'><strong>saltem.</strong></span> 
     </span>
     <span class='ocr_line' id='line_1_15' title="bbox 239 1178 1628 1228; baseline -0.001 -6"><span class='ocrx_word' id='word_1_107' title='bbox 239 1178 352 1222; x_wconf 87' lang='lat' dir='ltr'><strong>Men.</strong></span> <span class='ocrx_word' id='word_1_108' title='bbox 376 1180 480 1222; x_wconf 85' lang='lat'><strong>587.</strong></span> <span class='ocrx_word' id='word_1_109' title='bbox 550 1182 613 1218; x_wconf 88' lang='lat' dir='ltr'><strong>Ad</strong></span> <span class='ocrx_word' id='word_1_110' title='bbox 637 1182 819 1228; x_wconf 83' lang='lat' dir='ltr'><strong>populum</strong></span> <span class='ocrx_word' id='word_1_111' title='bbox 844 1185 910 1218; x_wconf 88' lang='lat' dir='ltr'><strong>aut</strong></span> <span class='ocrx_word' id='word_1_112' title='bbox 934 1183 973 1217; x_wconf 90' lang='lat' dir='ltr'><strong>in</strong></span> <span class='ocrx_word' id='word_1_113' title='bbox 998 1182 1080 1219; x_wconf 93' lang='lat' dir='ltr'><strong>iure</strong></span> <span class='ocrx_word' id='word_1_114' title='bbox 1106 1185 1172 1219; x_wconf 85' lang='lat' dir='ltr'><strong>aut</strong></span> <span class='ocrx_word' id='word_1_115' title='bbox 1188 1183 1290 1228; x_wconf 82' lang='lat' dir='ltr'><strong>apud</strong></span> <span class='ocrx_word' id='word_1_116' title='bbox 1307 1183 1465 1220; x_wconf 79' lang='lat' dir='ltr'><strong>aedilem</strong></span> <span class='ocrx_word' id='word_1_117' title='bbox 1482 1194 1543 1220; x_wconf 86' lang='lat' dir='ltr'><strong>res</strong></span> <span class='ocrx_word' id='word_1_118' title='bbox 1559 1188 1628 1220; x_wconf 89' lang='lat' dir='ltr'><strong>est.</strong></span> 
     </span>
     <span class='ocr_line' id='line_1_16' title="bbox 239 1249 1599 1302; baseline -0.001 -8"><span class='ocrx_word' id='word_1_119' title='bbox 239 1249 365 1295; x_wconf 80' lang='lat' dir='ltr'><strong>Most.</strong></span> <span class='ocrx_word' id='word_1_120' title='bbox 389 1252 492 1296; x_wconf 86' lang='lat'><strong>318.</strong></span> <span class='ocrx_word' id='word_1_121' title='bbox 550 1254 624 1292; x_wconf 92' lang='lat' dir='ltr'><strong>Ubi</strong></span> <span class='ocrx_word' id='word_1_122' title='bbox 649 1265 719 1291; x_wconf 91' lang='lat' dir='ltr'><strong>nos</strong></span> <span class='ocrx_word' id='word_1_123' title='bbox 743 1254 851 1291; x_wconf 87' lang='lat' dir='ltr'><strong>hilari</strong></span> <span class='ocrx_word' id='word_1_124' title='bbox 877 1253 1028 1301; x_wconf 88' lang='lat' dir='ltr'><strong>ingenio</strong></span> <span class='ocrx_word' id='word_1_125' title='bbox 1055 1257 1094 1291; x_wconf 88' lang='lat' dir='ltr'><strong>et</strong></span> <span class='ocrx_word' id='word_1_126' title='bbox 1117 1254 1244 1300; x_wconf 91' lang='lat' dir='ltr'><strong>lepido</strong></span> <span class='ocrx_word' id='word_1_127' title='bbox 1272 1255 1401 1302; x_wconf 87' lang='lat' dir='ltr'><strong>[victu]</strong></span> <span class='ocrx_word' id='word_1_128' title='bbox 1426 1255 1599 1302; x_wconf 85' lang='lat' dir='ltr'><strong>accipiet.</strong></span> 
     </span>
     <span class='ocr_line' id='line_1_17' title="bbox 239 1323 1359 1368; baseline 0 -5"><span class='ocrx_word' id='word_1_129' title='bbox 239 1323 358 1367; x_wconf 81' lang='lat' dir='ltr'><strong>Pers,</strong></span> <span class='ocrx_word' id='word_1_130' title='bbox 384 1325 485 1368; x_wconf 81' lang='grc'><strong>780.</strong></span> <span class='ocrx_word' id='word_1_131' title='bbox 549 1327 679 1363; x_wconf 90' lang='lat' dir='ltr'><strong>Obone</strong></span> <span class='ocrx_word' id='word_1_132' title='bbox 705 1327 763 1362; x_wconf 89' lang='lat' dir='ltr'><strong>vir</strong></span> <span class='ocrx_word' id='word_1_133' title='bbox 788 1327 931 1363; x_wconf 86' lang='lat' dir='ltr'><strong>salveto</strong></span> <span class='ocrx_word' id='word_1_134' title='bbox 957 1329 996 1363; x_wconf 88' lang='lat' dir='ltr'><strong>et</strong></span> <span class='ocrx_word' id='word_1_135' title='bbox 1021 1329 1063 1362; x_wconf 91' lang='lat' dir='ltr'><strong>tu</strong></span> <span class='ocrx_word' id='word_1_136' title='bbox 1087 1326 1188 1364; x_wconf 88' lang='lat' dir='ltr'><strong>bona</strong></span> <span class='ocrx_word' id='word_1_137' title='bbox 1212 1327 1359 1364; x_wconf 86' lang='lat' dir='ltr'><strong>liberta.</strong></span> 
     </span>
    </p>
   </div>
   <div class='ocr_carea' id='block_1_6' title="bbox 240 1413 1629 1472">
    <p class='ocr_par' dir='ltr' id='par_1_6' title="bbox 240 1413 1629 1472">
     <span class='ocr_line' id='line_1_18' title="bbox 240 1413 1629 1472; baseline 0 -14"><span class='ocrx_word' id='word_1_138' title='bbox 240 1415 364 1459; x_wconf 88' lang='lat' dir='ltr'><strong>Alter</strong></span> <span class='ocrx_word' id='word_1_139' title='bbox 395 1414 727 1472; x_wconf 89' lang='lat' dir='ltr'><strong>Amphitruonis</strong></span> <span class='ocrx_word' id='word_1_140' title='bbox 757 1413 876 1458; x_wconf 85' lang='lat' dir='ltr'><strong>locus</strong></span> <span class='ocrx_word' id='word_1_141' title='bbox 898 1414 1015 1457; x_wconf 86' lang='lat' dir='ltr'><strong>vitiis</strong></span> <span class='ocrx_word' id='word_1_142' title='bbox 1039 1417 1154 1457; x_wconf 87' lang='lat' dir='ltr'><strong>certe</strong></span> <span class='ocrx_word' id='word_1_143' title='bbox 1175 1417 1307 1469; x_wconf 87' lang='lat' dir='ltr'><strong>caret,</strong></span> <span class='ocrx_word' id='word_1_144' title='bbox 1343 1414 1380 1457; x_wconf 93' lang='lat' dir='ltr'><strong>si</strong></span> <span class='ocrx_word' id='word_1_145' title='bbox 1400 1414 1481 1458; x_wconf 92' lang='lat' dir='ltr'><strong>hoc</strong></span> <span class='ocrx_word' id='word_1_146' title='bbox 1502 1414 1629 1458; x_wconf 89' lang='lat' dir='ltr'><strong>modo</strong></span> 
     </span>
    </p>
   </div>
   <div class='ocr_carea' id='block_1_7' title="bbox 238 1493 1629 1854">
    <p class='ocr_par' dir='ltr' id='par_1_7' title="bbox 238 1493 1629 1854">
     <span class='ocr_line' id='line_1_19' title="bbox 241 1493 463 1537; baseline -0.005 0"><span class='ocrx_word' id='word_1_147' title='bbox 241 1493 463 1537; x_wconf 82' lang='lat' dir='ltr'><strong>scribitur:</strong></span> 
     </span>
     <span class='ocr_line' id='line_1_20' title="bbox 387 1566 1461 1616; baseline -0.001 -10"><span class='ocrx_word' id='word_1_148' title='bbox 387 1569 404 1616; x_wconf 87' lang='grc' dir='ltr'><strong>ΙΙ</strong></span> <span class='ocrx_word' id='word_1_149' title='bbox 434 1569 565 1606; x_wconf 87' lang='lat' dir='ltr'><strong>Virtus</strong></span> <span class='ocrx_word' id='word_1_150' title='bbox 590 1568 766 1605; x_wconf 90' lang='lat' dir='ltr'><strong>omnibus</strong></span> <span class='ocrx_word' id='word_1_151' title='bbox 791 1567 903 1604; x_wconf 92' lang='lat' dir='ltr'><strong>rebus</strong></span> <span class='ocrx_word' id='word_1_152' title='bbox 928 1567 1048 1604; x_wconf 82' lang='lat' dir='ltr'><strong>anteit</strong></span> <span class='ocrx_word' id='word_1_153' title='bbox 1073 1566 1262 1613; x_wconf 84' lang='lat' dir='ltr'><strong>profecto:</strong></span> <span class='ocrx_word' id='word_1_154' title='bbox 1289 1568 1341 1612; x_wconf 65' lang='lat' dir='ltr'><strong>(b.</strong></span> <span class='ocrx_word' id='word_1_155' title='bbox 1360 1571 1461 1613; x_wconf 92' lang='lat' dir='ltr'><strong>tetr.)</strong></span> 
     </span>
     <span class='ocr_line' id='line_1_21' title="bbox 434 1628 1384 1675; baseline -0.002 -10"><span class='ocrx_word' id='word_1_156' title='bbox 434 1629 617 1674; x_wconf 84' lang='lat' dir='ltr'><strong>Libertas,</strong></span> <span class='ocrx_word' id='word_1_157' title='bbox 642 1628 756 1674; x_wconf 86' lang='lat' dir='ltr'><strong>salus,</strong></span> <span class='ocrx_word' id='word_1_158' title='bbox 782 1628 871 1672; x_wconf 90' lang='lat' dir='ltr'><strong>vita,</strong></span> <span class='ocrx_word' id='word_1_159' title='bbox 896 1637 955 1663; x_wconf 89' lang='lat' dir='ltr'><strong>res</strong></span> <span class='ocrx_word' id='word_1_160' title='bbox 980 1630 1019 1663; x_wconf 91' lang='lat' dir='ltr'><strong>et</strong></span> <span class='ocrx_word' id='word_1_161' title='bbox 1042 1630 1229 1673; x_wconf 86' lang='lat' dir='ltr'><strong>parentes,</strong></span> <span class='ocrx_word' id='word_1_162' title='bbox 1366 1655 1384 1675; x_wconf 86' lang='lat'><strong>‚‚</strong></span> 
     </span>
     <span class='ocr_line' id='line_1_22' title="bbox 238 1685 1629 1740; baseline -0.001 -13"><span class='ocrx_word' id='word_1_163' title='bbox 238 1690 366 1727; x_wconf 85' lang='lat' dir='ltr'><strong>Patria</strong></span> <span class='ocrx_word' id='word_1_164' title='bbox 383 1693 421 1727; x_wconf 88' lang='lat' dir='ltr'><strong>et</strong></span> <span class='ocrx_word' id='word_1_165' title='bbox 437 1689 613 1736; x_wconf 87' lang='lat' dir='ltr'><strong>prognati</strong></span> <span class='ocrx_word' id='word_1_166' title='bbox 635 1687 651 1735; x_wconf 65' lang='lat' dir='ltr'><strong>{l</strong></span> <span class='ocrx_word' id='word_1_167' title='bbox 671 1691 852 1733; x_wconf 83' lang='lat' dir='ltr'><strong>tutantur,</strong></span> <span class='ocrx_word' id='word_1_168' title='bbox 870 1690 1067 1740; x_wconf 74' lang='lat' dir='ltr'><strong>servantur</strong></span> <span class='ocrx_word' id='word_1_169' title='bbox 1086 1685 1103 1734; x_wconf 87' lang='grc' dir='ltr'>Η</span> <span class='ocrx_word' id='word_1_170' title='bbox 1125 1687 1311 1734; x_wconf 87' lang='lat' dir='ltr'><strong>[virtute]:</strong></span> <span class='ocrx_word' id='word_1_171' title='bbox 1329 1688 1450 1725; x_wconf 90' lang='lat' dir='ltr'><strong>virtus</strong></span> <span class='ocrx_word' id='word_1_172' title='bbox 1469 1690 1528 1733; x_wconf 90' lang='lat' dir='ltr'><strong>(tr.</strong></span> <span class='ocrx_word' id='word_1_173' title='bbox 1539 1691 1629 1734; x_wconf 92' lang='lat' dir='ltr'><strong>oct.)</strong></span> 
     </span>
     <span class='ocr_line' id='line_1_23' title="bbox 459 1747 1328 1794; baseline -0.001 -8"><span class='ocrx_word' id='word_1_174' title='bbox 459 1749 592 1786; x_wconf 88' lang='lat' dir='ltr'><strong>Omnia</strong></span> <span class='ocrx_word' id='word_1_175' title='bbox 616 1749 654 1785; x_wconf 90' lang='lat' dir='ltr'><strong>in</strong></span> <span class='ocrx_word' id='word_1_176' title='bbox 682 1759 722 1785; x_wconf 93' lang='lat' dir='ltr'><strong>se</strong></span> <span class='ocrx_word' id='word_1_177' title='bbox 747 1748 878 1785; x_wconf 84' lang='lat' dir='ltr'><strong>habet:</strong></span> <span class='ocrx_word' id='word_1_178' title='bbox 905 1747 1032 1784; x_wconf 84' lang='lat' dir='ltr'><strong>omnia</strong></span> <span class='ocrx_word' id='word_1_179' title='bbox 1057 1747 1195 1784; x_wconf 85' lang='lat' dir='ltr'><strong>adsunt</strong></span> <span class='ocrx_word' id='word_1_180' title='bbox 1219 1748 1328 1794; x_wconf 88' lang='lat' dir='ltr'><strong>bona,</strong></span> 
     </span>
     <span class='ocr_line' id='line_1_24' title="bbox 1026 1808 1579 1854; baseline 0.002 -10"><span class='ocrx_word' id='word_1_181' title='bbox 1026 1810 1088 1852; x_wconf 86' lang='lat' dir='ltr'><strong>(tr.</strong></span> <span class='ocrx_word' id='word_1_182' title='bbox 1105 1809 1193 1854; x_wconf 86' lang='lat' dir='ltr'><strong>trip.</strong></span> <span class='ocrx_word' id='word_1_183' title='bbox 1212 1819 1245 1845; x_wconf 92' lang='lat' dir='ltr'><strong>c.</strong></span> <span class='ocrx_word' id='word_1_184' title='bbox 1264 1819 1350 1845; x_wconf 91' lang='lat' dir='ltr'><strong>cum</strong></span> <span class='ocrx_word' id='word_1_185' title='bbox 1368 1811 1457 1845; x_wconf 91' lang='lat' dir='ltr'><strong>cret.</strong></span> <span class='ocrx_word' id='word_1_186' title='bbox 1473 1808 1579 1853; x_wconf 90' lang='lat' dir='ltr'><strong>dim.)</strong></span> 
     </span>
    </p>
   </div>
   <div class='ocr_carea' id='block_1_8' title="bbox 532 1867 1324 1917">
    <p class='ocr_par' dir='ltr' id='par_1_8' title="bbox 532 1867 1324 1917">
     <span class='ocr_line' id='line_1_25' title="bbox 532 1867 1324 1917; baseline -0.001 -10"><span class='ocrx_word' id='word_1_187' title='bbox 532 1869 651 1915; x_wconf 86' lang='lat' dir='ltr'><strong>Quem</strong></span> <span class='ocrx_word' id='word_1_188' title='bbox 676 1872 810 1916; x_wconf 89' lang='lat' dir='ltr'><strong>penest</strong></span> <span class='ocrx_word' id='word_1_189' title='bbox 834 1869 966 1906; x_wconf 91' lang='lat' dir='ltr'><strong>virtus.</strong></span> <span class='ocrx_word' id='word_1_190' title='bbox 983 1867 1001 1917; x_wconf 88' lang='grc' dir='ltr'><strong>ΙΙ</strong></span> <span class='ocrx_word' id='word_1_191' title='bbox 1032 1871 1137 1915; x_wconf 90' lang='lat' dir='ltr'><strong>(cret.</strong></span> <span class='ocrx_word' id='word_1_192' title='bbox 1156 1869 1245 1906; x_wconf 91' lang='lat' dir='ltr'><strong>dim.</strong></span> <span class='ocrx_word' id='word_1_193' title='bbox 1264 1871 1324 1915; x_wconf 92' lang='lat' dir='ltr'><strong>c.)‚</strong></span> 
     </span>
    </p>
   </div>
   <div class='ocr_carea' id='block_1_9' title="bbox 239 1937 1407 1994">
    <p class='ocr_par' dir='ltr' id='par_1_9' title="bbox 239 1937 1407 1994">
     <span class='ocr_line' id='line_1_26' title="bbox 239 1937 1407 1994; baseline -0.003 -10"><span class='ocrx_word' id='word_1_194' title='bbox 239 1940 392 1984; x_wconf 87' lang='lat' dir='ltr'><strong>tertius</strong></span> <span class='ocrx_word' id='word_1_195' title='bbox 424 1939 663 1994; x_wconf 84' lang='lat' dir='ltr'><strong>trinummi,</strong></span> <span class='ocrx_word' id='word_1_196' title='bbox 698 1939 735 1981; x_wconf 92' lang='lat' dir='ltr'><strong>si</strong></span> <span class='ocrx_word' id='word_1_197' title='bbox 767 1938 836 1981; x_wconf 92' lang='lat' dir='ltr'><strong>hic</strong></span> <span class='ocrx_word' id='word_1_198' title='bbox 867 1938 989 1982; x_wconf 90' lang='lat' dir='ltr'><strong>libris</strong></span> <span class='ocrx_word' id='word_1_199' title='bbox 1021 1938 1199 1982; x_wconf 89' lang='lat' dir='ltr'><strong>ducibus</strong></span> <span class='ocrx_word' id='word_1_200' title='bbox 1230 1937 1407 1993; x_wconf 88' lang='lat' dir='ltr'><strong>legitur:</strong></span> 
     </span>
    </p>
   </div>
   <div class='ocr_carea' id='block_1_10' title="bbox 287 2014 1628 2362">
    <p class='ocr_par' dir='ltr' id='par_1_10' title="bbox 287 2014 1628 2362">
     <span class='ocr_line' id='line_1_27' title="bbox 287 2014 1628 2062; baseline -0.001 -9"><span class='ocrx_word' id='word_1_201' title='bbox 287 2017 348 2053; x_wconf 85' lang='lat' dir='ltr'><strong>Fit</strong></span> <span class='ocrx_word' id='word_1_202' title='bbox 373 2017 455 2062; x_wconf 90' lang='lat' dir='ltr'><strong>ipse</strong></span> <span class='ocrx_word' id='word_1_203' title='bbox 481 2015 570 2052; x_wconf 88' lang='lat' dir='ltr'><strong>dum</strong></span> <span class='ocrx_word' id='word_1_204' title='bbox 596 2015 671 2052; x_wconf 90' lang='lat' dir='ltr'><strong>illis</strong></span> <span class='ocrx_word' id='word_1_205' title='bbox 697 2014 814 2052; x_wconf 90' lang='lat' dir='ltr'><strong>comis</strong></span> <span class='ocrx_word' id='word_1_206' title='bbox 840 2018 898 2051; x_wconf 91' lang='lat' dir='ltr'><strong>est</strong></span> <span class='ocrx_word' id='word_1_207' title='bbox 922 2014 1031 2060; x_wconf 89' lang='lat' dir='ltr'><strong>inops</strong></span> <span class='ocrx_word' id='word_1_208' title='bbox 1057 2018 1211 2051; x_wconf 89' lang='lat' dir='ltr'><strong>amator.</strong></span> <span class='ocrx_word' id='word_1_209' title='bbox 1250 2014 1353 2052; x_wconf 91' lang='lat' dir='ltr'><strong>Haec</strong></span> <span class='ocrx_word' id='word_1_210' title='bbox 1379 2025 1451 2061; x_wconf 85' lang='lat' dir='ltr'><strong>ego</strong></span> <span class='ocrx_word' id='word_1_211' title='bbox 1478 2014 1518 2059; x_wconf 86' lang='lat' dir='ltr'><strong>(i.</strong></span> <span class='ocrx_word' id='word_1_212' title='bbox 1536 2015 1628 2060; x_wconf 88' lang='lat' dir='ltr'><strong>oct.)</strong></span> 
     </span>
     <span class='ocr_line' id='line_1_28' title="bbox 410 2074 1541 2122; baseline -0.002 -10"><span class='ocrx_word' id='word_1_213' title='bbox 410 2077 528 2120; x_wconf 82' lang='lat' dir='ltr'><strong>Quom</strong></span> <span class='ocrx_word' id='word_1_214' title='bbox 556 2087 628 2122; x_wconf 88' lang='lat' dir='ltr'><strong>ago</strong></span> <span class='ocrx_word' id='word_1_215' title='bbox 655 2086 741 2112; x_wconf 91' lang='lat' dir='ltr'><strong>cum</strong></span> <span class='ocrx_word' id='word_1_216' title='bbox 768 2085 851 2111; x_wconf 93' lang='lat' dir='ltr'><strong>meo</strong></span> <span class='ocrx_word' id='word_1_217' title='bbox 877 2075 1001 2111; x_wconf 90' lang='lat' dir='ltr'><strong>animo</strong></span> <span class='ocrx_word' id='word_1_218' title='bbox 1027 2078 1064 2111; x_wconf 88' lang='lat' dir='ltr'><strong>et</strong></span> <span class='ocrx_word' id='word_1_219' title='bbox 1089 2077 1234 2120; x_wconf 88' lang='lat' dir='ltr'><strong>reputo,</strong></span> <span class='ocrx_word' id='word_1_220' title='bbox 1260 2074 1326 2111; x_wconf 94' lang='lat' dir='ltr'><strong>ubi</strong></span> <span class='ocrx_word' id='word_1_221' title='bbox 1352 2075 1418 2121; x_wconf 91' lang='lat' dir='ltr'><strong>qui</strong></span> <span class='ocrx_word' id='word_1_222' title='bbox 1443 2077 1541 2121; x_wconf 86' lang='lat' dir='ltr'><strong>eget,</strong></span> 
     </span>
     <span class='ocr_line' id='line_1_29' title="bbox 1341 2134 1577 2179; baseline 0 -9"><span class='ocrx_word' id='word_1_223' title='bbox 1341 2135 1379 2179; x_wconf 92' lang='lat' dir='ltr'><strong>(i.</strong></span> <span class='ocrx_word' id='word_1_224' title='bbox 1397 2134 1488 2170; x_wconf 90' lang='lat' dir='ltr'><strong>dim.</strong></span> <span class='ocrx_word' id='word_1_225' title='bbox 1505 2135 1577 2178; x_wconf 84' lang='lat' dir='ltr'><strong>ac.)</strong></span> 
     </span>
     <span class='ocr_line' id='line_1_30' title="bbox 410 2195 1456 2243; baseline -0.002 -10"><span class='ocrx_word' id='word_1_226' title='bbox 410 2197 529 2242; x_wconf 85' lang='lat' dir='ltr'><strong>Quam</strong></span> <span class='ocrx_word' id='word_1_227' title='bbox 555 2198 655 2243; x_wconf 73' lang='lat' dir='ltr'><strong>preti</strong></span> <span class='ocrx_word' id='word_1_228' title='bbox 679 2196 729 2233; x_wconf 89' lang='lat' dir='ltr'><strong>sit</strong></span> <span class='ocrx_word' id='word_1_229' title='bbox 754 2195 877 2242; x_wconf 89' lang='lat' dir='ltr'><strong>parvi:</strong></span> <span class='ocrx_word' id='word_1_230' title='bbox 904 2205 1024 2243; x_wconf 87' lang='lat' dir='ltr'><strong>apage</strong></span> <span class='ocrx_word' id='word_1_231' title='bbox 1049 2199 1087 2233; x_wconf 92' lang='lat' dir='ltr'><strong>te</strong></span> <span class='ocrx_word' id='word_1_232' title='bbox 1112 2205 1227 2242; x_wconf 87' lang='lat' dir='ltr'><strong>amor,</strong></span> <span class='ocrx_word' id='word_1_233' title='bbox 1439 2222 1456 2242; x_wconf 86' lang='lat'>„</span> 
     </span>
     <span class='ocr_line' id='line_1_31' title="bbox 287 2246 1627 2303; baseline -0.002 -9"><span class='ocrx_word' id='word_1_234' title='bbox 287 2258 371 2295; x_wconf 90' lang='lat' dir='ltr'><strong>Non</strong></span> <span class='ocrx_word' id='word_1_235' title='bbox 402 2258 545 2303; x_wconf 69' lang='lat' dir='ltr'><strong>places,</strong></span> <span class='ocrx_word' id='word_1_236' title='bbox 579 2257 673 2293; x_wconf 92' lang='lat' dir='ltr'><strong>nihil</strong></span> <span class='ocrx_word' id='word_1_237' title='bbox 706 2260 744 2293; x_wconf 90' lang='lat' dir='ltr'><strong>te</strong></span> <span class='ocrx_word' id='word_1_238' title='bbox 779 2259 863 2293; x_wconf 91' lang='lat' dir='ltr'><strong>utor</strong></span> <span class='ocrx_word' id='word_1_239' title='bbox 888 2266 1114 2302; x_wconf 89' lang='lat' dir='ltr'><strong>quamquam</strong></span> <span class='ocrx_word' id='word_1_240' title='bbox 1140 2256 1234 2292; x_wconf 94' lang='lat' dir='ltr'><strong>illud</strong></span> <span class='ocrx_word' id='word_1_241' title='bbox 1260 2258 1319 2292; x_wconf 91' lang='lat' dir='ltr'><strong>est</strong></span> <span class='ocrx_word' id='word_1_242' title='bbox 1344 2254 1455 2291; x_wconf 89' lang='lat' dir='ltr'><strong>dulce</strong></span> <span class='ocrx_word' id='word_1_243' title='bbox 1481 2246 1563 2292; x_wconf 88' lang='lat' dir='ltr'><strong>esse</strong></span> <span class='ocrx_word' id='word_1_244' title='bbox 1588 2258 1627 2291; x_wconf 92' lang='lat' dir='ltr'><strong>et</strong></span> 
     </span>
     <span class='ocr_line' id='line_1_32' title="bbox 1040 2315 1394 2362; baseline -0.006 -9"><span class='ocrx_word' id='word_1_245' title='bbox 1040 2315 1183 2354; x_wconf 92' lang='lat' dir='ltr'><strong>bibere.</strong></span> <span class='ocrx_word' id='word_1_246' title='bbox 1212 2315 1249 2361; x_wconf 93' lang='lat' dir='ltr'><strong>(i.</strong></span> <span class='ocrx_word' id='word_1_247' title='bbox 1270 2317 1394 2362; x_wconf 73' lang='lat' dir='ltr'><strong>sept),</strong></span> 
     </span>
    </p>
   </div>
   <div class='ocr_carea' id='block_1_11' title="bbox 237 2384 1624 2590">
    <p class='ocr_par' dir='ltr' id='par_1_11' title="bbox 237 2384 1624 2590">
     <span class='ocr_line' id='line_1_33' title="bbox 238 2384 1622 2443; baseline -0.004 -11"><span class='ocrx_word' id='word_1_248' title='bbox 238 2387 467 2432; x_wconf 88' lang='lat' dir='ltr'><strong>Asinariae</strong></span> <span class='ocrx_word' id='word_1_249' title='bbox 499 2400 669 2430; x_wconf 88' lang='lat' dir='ltr'><strong>versum</strong></span> <span class='ocrx_word' id='word_1_250' title='bbox 710 2386 914 2430; x_wconf 88' lang='lat' dir='ltr'><strong>creticum</strong></span> <span class='ocrx_word' id='word_1_251' title='bbox 956 2399 1049 2430; x_wconf 90' lang='lat' dir='ltr'><strong>esse</strong></span> <span class='ocrx_word' id='word_1_252' title='bbox 1088 2386 1174 2429; x_wconf 88' lang='lat' dir='ltr'><strong>iam</strong></span> <span class='ocrx_word' id='word_1_253' title='bbox 1209 2384 1463 2443; x_wconf 89' lang='lat' dir='ltr'><strong>Spengelius</strong></span> <span class='ocrx_word' id='word_1_254' title='bbox 1498 2397 1541 2441; x_wconf 90' lang='lat' dir='ltr'><strong>p.</strong></span> <span class='ocrx_word' id='word_1_255' title='bbox 1568 2385 1622 2428; x_wconf 81' lang='lat'><strong>21</strong></span> 
     </span>
     <span class='ocr_line' id='line_1_34' title="bbox 238 2462 1624 2522; baseline -0.003 -11"><span class='ocrx_word' id='word_1_256' title='bbox 238 2467 346 2511; x_wconf 89' lang='lat' dir='ltr'><strong>vidit</strong></span> <span class='ocrx_word' id='word_1_257' title='bbox 377 2470 421 2510; x_wconf 94' lang='lat' dir='ltr'><strong>et</strong></span> <span class='ocrx_word' id='word_1_258' title='bbox 440 2464 641 2510; x_wconf 90' lang='lat' dir='ltr'><strong>Pseudoli</strong></span> <span class='ocrx_word' id='word_1_259' title='bbox 673 2466 838 2522; x_wconf 91' lang='lat' dir='ltr'><strong>primus</strong></span> <span class='ocrx_word' id='word_1_260' title='bbox 872 2464 1101 2508; x_wconf 90' lang='lat' dir='ltr'><strong>secundum</strong></span> <span class='ocrx_word' id='word_1_261' title='bbox 1131 2463 1263 2508; x_wconf 83' lang='lat' dir='ltr'><strong>libros</strong></span> <span class='ocrx_word' id='word_1_262' title='bbox 1286 2478 1308 2507; x_wconf 94' lang='lat' dir='ltr'><strong>e</strong></span> <span class='ocrx_word' id='word_1_263' title='bbox 1330 2462 1465 2507; x_wconf 89' lang='lat' dir='ltr'><strong>troch.</strong></span> <span class='ocrx_word' id='word_1_264' title='bbox 1489 2462 1624 2507; x_wconf 90' lang='lat' dir='ltr'><strong>dime-</strong></span> 
     </span>
     <span class='ocr_line' id='line_1_35' title="bbox 237 2544 1163 2590; baseline -0.004 0"><span class='ocrx_word' id='word_1_265' title='bbox 237 2549 303 2589; x_wconf 86' lang='lat' dir='ltr'><strong>tro</strong></span> <span class='ocrx_word' id='word_1_266' title='bbox 337 2560 399 2590; x_wconf 90' lang='lat' dir='ltr'><strong>ac.</strong></span> <span class='ocrx_word' id='word_1_267' title='bbox 434 2548 476 2589; x_wconf 89' lang='lat' dir='ltr'><strong>et</strong></span> <span class='ocrx_word' id='word_1_268' title='bbox 507 2547 610 2589; x_wconf 90' lang='lat' dir='ltr'><strong>cret.</strong></span> <span class='ocrx_word' id='word_1_269' title='bbox 645 2544 827 2588; x_wconf 90' lang='lat' dir='ltr'><strong>dimetro</strong></span> <span class='ocrx_word' id='word_1_270' title='bbox 861 2546 940 2587; x_wconf 89' lang='lat' dir='ltr'><strong>cat.</strong></span> <span class='ocrx_word' id='word_1_271' title='bbox 974 2546 1163 2587; x_wconf 91' lang='lat' dir='ltr'><strong>constat:</strong></span> 
     </span>
    </p>
   </div>
  </div>
 </body>
</html>
