1848 3081
914 186 968 229 10

283 302 534 340 Malevolente
559 302 711 351 ingenio
736 306 877 341 natust.
903 306 1094 350 postremo
1119 304 1159 340 id
1184 304 1283 350 mist,
1313 304 1415 352 quod
1440 304 1525 342 volo
1549 312 1623 352 ego

1039 372 1123 401 esse
1149 364 1212 408 (tr.
1229 365 1322 410 oct.)

282 427 392 466 Aliis.
438 429 620 468 credibile
644 430 729 468 hoc.
743 430 827 468 est?
868 430 1028 477 nequior
1053 432 1202 467 nemost
1224 440 1349 477 neque
1371 429 1574 477 indignior,

1331 492 1399 535 (tr.
1419 492 1532 538 sept.)

453 557 549 602 Quoi
575 557 614 594 di
639 557 737 595 bene
762 557 904 595 faciant
927 568 1051 605 neque
1077 567 1189 604 quem
1210 556 1410 604 quisquam
1425 555 1538 595 homo
1555 560 1622 595 aut

967 646 974 652 ,
1037 619 1138 655 amet
1162 620 1229 655 aut
1250 616 1370 654 adeat.
1400 616 1440 663 (i.
1458 619 1571 664 sept.)

325 685 472 742 Neque
512 686 668 730 certior
707 686 834 731 huius
880 686 1048 742 generis
1094 686 1500 743 proceleusmaticus
1539 689 1620 742 est,

232 777 359 820 quem
381 763 656 809 Hermanuus
685 763 754 808 El.
777 764 818 808 d.
835 778 894 808 m.
928 778 971 822 p.
991 765 1078 809 295
1101 765 1291 821 admisit,
1324 778 1421 809 cum
1441 763 1620 809 Poenuli

231 841 373 886 locum
393 842 427 886 Ι.
451 844 492 887 2.
516 844 576 887 20
598 857 661 900 sq.
696 843 758 887 sic
789 843 1015 888 scriberet:

376 918 572 955 Postremo
599 919 733 956 modus
759 919 954 956 muliebris
979 920 1120 956 nullust
1144 929 1267 966 neque
1291 929 1468 967 umquam

377 979 557 1015 Lavando
582 982 623 1015 et
646 978 817 1016 fricando
842 980 983 1016 scimus
1008 978 1133 1016 facere
1158 978 1283 1026 finem,

232 1047 305 1104 qui
338 1047 573 1091 secundum
593 1046 792 1091 Veterem
825 1048 905 1092 hoc
934 1048 1079 1106 potius
1110 1047 1237 1091 modo
1267 1047 1473 1103 legendus
1505 1050 1590 1091 est:

377 1124 572 1160 Postremo
598 1124 732 1160 modus
757 1124 952 1161 muliebris
977 1124 1103 1160 nullus
1127 1126 1187 1160 est
1211 1123 1262 1167 (b.
1280 1126 1366 1160 tetr.
1385 1125 1435 1168 c.)
1451 1122 1470 1168 ΙΙ

449 1183 582 1230 Neque
607 1195 786 1231 umquam
810 1184 973 1221 lavando
998 1187 1039 1221 et
1062 1182 1232 1221 fricando
1258 1183 1310 1228 (b.
1327 1183 1444 1228 trim.)

524 1244 673 1282 Scimus
690 1243 815 1282 facere
832 1255 988 1291 pausam
1008 1244 1060 1290 (b.
1077 1244 1186 1292 dim.;
1212 1245 1260 1281 B:
1286 1243 1437 1282 facer-en
1454 1243 1582 1290 niam).
1596 1243 1615 1292 ΙΙ

322 1314 365 1356 4.
413 1312 508 1357 Non
555 1313 697 1358 minus
730 1316 895 1361 ,cautus
942 1313 988 1357 in
1033 1313 1294 1371 pyrrhichiis
1341 1312 1618 1358 admittendis
1665 1305 1671 1307 ⁴

230 1391 409 1436 Plautus
429 1392 524 1436 fuit.
572 1392 622 1435 In
644 1393 785 1450 prima
807 1392 922 1435 enim
944 1392 1108 1437 bacchii
1131 1392 1231 1435 sede
1253 1405 1325 1436 eos
1346 1391 1617 1450 pyrrhichios

231 1471 398 1526 vitavit,
432 1484 614 1527 quorum
646 1471 764 1528 prior
787 1470 952 1527 syllaba
971 1471 1088 1515 vocis
1121 1470 1249 1514 simul
1273 1471 1318 1514 in
1341 1470 1616 1514 antecedente

230 1548 403 1593 bacchio
437 1550 592 1593 stantis
621 1553 699 1593 est.
742 1548 898 1601 Quales
919 1549 1190 1607 pyrrhichios
1213 1549 1409 1606 equidem
1431 1549 1498 1594 his
1520 1552 1615 1593 tan-

230 1632 323 1671 tum
353 1628 459 1672 locis
492 1628 537 1671 in
567 1628 690 1673 libris
722 1628 887 1672 inveni:

290 1705 445 1750 Pseud.
464 1708 567 1750 593.
670 1710 793 1747 Lubet
809 1710 916 1756 scire,
935 1710 1026 1757 quid
1050 1709 1111 1746 hic
1128 1710 1275 1747 venerit
1297 1719 1383 1747 cum
1405 1709 1614 1747 machaera.

289 1778 421 1822 Poen.
438 1778 471 1822 I.
490 1780 532 1823 2.
550 1780 621 1822 31.
669 1782 793 1828 Soror,
818 1782 956 1829 cogita,
983 1782 1117 1819 amabo
1142 1782 1232 1819 item
1258 1793 1327 1819 nos
1352 1781 1558 1830 perhiberi3

229 1864 328 1895 nam
343 1850 453 1895 Rud.
464 1850 496 1894 I.
508 1852 550 1894 5.
562 1852 633 1895 24.
668 1854 742 1891 Sed
753 1853 847 1891 haec
863 1864 1049 1901 pauperes
1065 1864 1126 1891 res
1138 1856 1227 1891 eunt
1243 1854 1451 1901 inopesque
1468 1854 1615 1900 puellae

233 1922 455 1982 „puellae“
489 1928 539 1968 ut
560 1923 664 1968 Cist.
687 1926 725 1967 1.
744 1925 786 1971 2.
804 1924 833 1968 5
869 1921 1112 1981 „puellam“
1144 1924 1190 1967 in
1213 1924 1380 1967 senario
1404 1923 1615 1967 δισυλλά-

230 2006 319 2059 βως
358 2003 723 2061 pronuntiandum
755 2006 833 2047 est.
897 2001 945 2045 In
976 2000 1177 2046 Pseudoli
1208 2005 1351 2047 autem
1381 2002 1457 2046 illo
1486 2015 1615 2047 versu

228 2083 316 2125 iam
347 2082 397 2125 R.
436 2082 659 2126 lenissima
695 2081 946 2125 traiectione
977 2081 1177 2125 vitiosum
1218 2081 1512 2139 pyrrhichium
1544 2095 1612 2125 re-

229 2160 384 2205 movit:
653 2163 778 2201 Lubet
801 2163 909 2211 scire,
934 2162 997 2201 hic
1021 2163 1113 2211 quid
1137 2175 1187 2211 v.‚

230 2253 314 2297 qua
343 2239 557 2284 medicina
587 2240 717 2283 etiam
750 2238 933 2282 alterum
963 2238 1103 2282 locum
1137 2251 1262 2282 sano:

497 2316 592 2353 Item
616 2315 751 2352 amabo
776 2326 882 2352 soror
905 2314 1032 2362 cogita
1055 2324 1125 2351 nos
1149 2313 1350 2360 perhiberi.

228 2385 364 2437 Quem
395 2385 529 2440 igitur
562 2384 815 2441 Spengelius
847 2384 875 2427 l.
899 2384 929 2427 1.
961 2397 1005 2441 p.
1029 2384 1085 2426 27
1119 2383 1362 2427 trimetrum
1393 2383 1434 2428 b.
1455 2382 1610 2428 Pseud.

202 2515 209 2523 ‚
232 2466 347 2509 1263
379 2468 428 2508 ut
444 2451 624 2508 'certum
657 2464 828 2507 statuit:

568 2539 774 2585 Propinare
799 2538 1076 2575 amicissumam
1102 2538 1271 2584 amicam,

226 2608 403 2653 minime
434 2622 513 2667 pro
546 2612 660 2653 certo
693 2608 958 2654 habebimus,
