1848 3081
927 180 986 224 36

352 302 582 346 Praeterea
612 302 680 346 hic
711 302 801 346 illic
832 303 878 346 in
909 301 1031 346 libris
1063 314 1213 346 versus
1244 301 1539 357 inveniuntur,
1575 300 1648 358 qui

260 382 533 426 hexametros
574 385 784 439 aequant,
833 381 906 438 qui
947 384 1093 425 tamen
1131 394 1303 436 omnes,
1346 380 1460 439 quod
1497 379 1566 425 vel
1602 381 1648 424 in

260 464 535 505 tetrametros
569 464 611 504 et
643 459 864 517 dimetros,
896 464 945 520 ut
975 459 1134 518 Amph.
1156 460 1195 503 1.
1218 461 1256 502 1.
1280 459 1338 503 22
1372 459 1442 514 (cf.
1464 459 1517 505 Π.
1542 461 1584 504 3.
1607 459 1647 513 1)

260 538 387 583 Most.
411 541 509 584 126.
550 538 680 584 Poen.
704 539 736 583 I.
754 540 796 584 2.
812 539 870 583 39
904 537 1051 594 (ofin.
1070 539 1112 583 3.
1131 539 1207 596 3),
1240 537 1306 584 vel
1338 538 1384 585 in
1415 540 1539 586 binos
1570 538 1648 582 tri-

260 622 420 662 metros
461 618 637 662 dissolvi
678 621 882 676 possunt,
922 631 1007 662 non
1045 619 1149 663 satis
1190 620 1296 664 certi
1336 622 1437 663 sunt
1468 618 1521 663 cf.
1551 617 1647 661 Cas.

260 697 312 741 ΙΙ.
337 699 378 742 3.
407 698 475 742 19.

527 755 636 793 Unde
661 754 723 791 hic
749 755 885 792 amabo
909 759 1105 801 unguenta
1130 756 1169 799 (i.
1192 756 1284 793 dim.
1301 759 1350 801 c.)

577 814 770 851 Adolent‘?
793 814 824 852 0
849 815 961 861 perii:
979 815 996 860 ΙΙ
1014 816 1054 857 (i.
1072 815 1159 861 trip.
1180 818 1229 861 c.)

478 874 678 912 Manifesto
704 875 817 912 miser
842 878 990 912 teneor:
1017 886 1126 914 cesso
1152 876 1203 922 (b.
1218 877 1333 922 tr-im.)

478 936 601 983 Caput
625 935 740 982 pallio
765 935 990 984 detergere?
1005 936 1023 983 ΙΙ

351 1012 464 1065 Quos
486 1012 537 1055 R.
560 1015 784 1069 praeterea
816 1011 968 1055 statuit
994 1011 1282 1069 hexametros,
1315 1026 1463 1057 eorum
1486 1011 1648 1068 aliquot

258 1091 343 1133 iam
378 1104 509 1148 supra
540 1090 824 1145 removimus,
866 1093 913 1132 ut
943 1089 1096 1133 Bacch.
1126 1091 1254 1134 1120.
1285 1092 1304 1133 1
1342 1090 1419 1144 (cf.
1444 1088 1497 1133 Π.
1521 1090 1563 1133 3.
1587 1088 1647 1143 3.)

258 1168 370 1212 Men.
398 1170 499 1212 762.
525 1169 551 1211 3
585 1168 684 1221 (ib.)
718 1167 873 1212 Pseud.
902 1169 1015 1211 1107
1051 1167 1107 1222 (Ι.
1133 1168 1185 1222 7)
1224 1169 1340 1212 1264
1373 1167 1422 1221 (Ι.
1449 1167 1494 1220 2)
1531 1168 1648 1211 1270

258 1246 337 1300 (II.
367 1249 403 1289 1.
435 1246 498 1300 1).
563 1245 825 1289 Bacchidum
864 1260 1013 1289 versus
1050 1247 1164 1290 1106
1180 1247 1355 1291 —1108
1389 1259 1487 1290 cum
1527 1248 1647 1290 ante-

257 1325 505 1368 cedentibus
537 1324 637 1367 inde
670 1338 696 1367 a
725 1338 852 1367 versu
880 1325 997 1367 1104
1029 1327 1284 1381 anapaestos
1317 1337 1410 1368 esse
1431 1323 1540 1368 vidit
1561 1323 1647 1377 Fl.;

258 1402 449 1448 eiusdem
495 1401 665 1447 fabulae
707 1416 857 1447 versus
893 1403 1201 1447 1139—1140
1241 1402 1360 1447 nulla
1400 1407 1465 1448 est
1504 1417 1648 1456 causa,

258 1483 362 1538 quin
393 1483 469 1537 ita,
503 1485 552 1524 ut
581 1482 626 1523 in
658 1481 780 1525 libris
811 1481 1028 1537 leguntur,
1062 1481 1313 1538 scribamus,
1346 1485 1394 1525 ut
1416 1481 1561 1527 bacch.
1584 1485 1647 1526 te-

256 1560 452 1604 trametri
487 1563 529 1603 et
558 1560 688 1603 iamb.
713 1559 884 1603 dimetri
907 1564 987 1603 cat.
1011 1560 1236 1604 alternent.
1285 1559 1485 1605 Pseudoli
1506 1561 1647 1605 locum

264 1640 376 1681 1273
402 1651 464 1693 sq.
498 1636 653 1681 Vetere
687 1637 793 1681 duce
826 1637 887 1680 sic
919 1637 1080 1681 scribo:

304 1714 444 1759 Occepi
469 1714 594 1750 denuo
621 1713 693 1750 hoc
718 1713 830 1750 modo
855 1713 957 1749 volvi
985 1713 1019 1757 (?
1035 1713 1216 1758 volvier):
1243 1715 1292 1759 (c.
1309 1717 1395 1751 tetr.
1415 1716 1464 1759 c.)

354 1773 460 1809 Idem
486 1773 630 1809 amicae
657 1772 792 1809 dabam
820 1783 879 1809 me
906 1783 1020 1818 meae,
1048 1774 1113 1817 (cr.
1131 1773 1248 1818 trim.)

305 1833 355 1870 Ut
381 1843 440 1870 me
466 1837 626 1880 amaret3
656 1832 720 1870 ubi
748 1833 1019 1870 circumvortor
1043 1833 1157 1870 cado:
1184 1834 1250 1878 (cr.
1268 1836 1372 1879 tetr.)

353 1894 396 1929 Id
429 1893 503 1929 fuit
534 1894 625 1930 ludo
657 1894 768 1930 nenia.
794 1892 935 1938 (troch.
952 1892 1042 1929 dim.
1061 1895 1110 1936 c.)
1138 1895 1187 1987 }?

427 1954 548 1991 Nenia
574 1953 663 1991 ludo
690 1953 729 1990 id
756 1952 827 1989 fuit
854 1956 920 1997 (cr.
937 1953 1055 1998 dim.).

255 2021 632 2066 Menaechmorum
671 2023 854 2079 denique
895 2036 1043 2066 versus
1076 2023 1266 2066 571—2
1307 2022 1408 2079 quid
1449 2023 1646 2081 prohibet

256 2101 484 2157 quominus
518 2102 699 2144 eundem
721 2101 921 2145 Veterem
953 2100 1089 2144 secuti
1120 2101 1183 2144 sic
1209 2100 1425 2156 legamus:

305 2177 355 2214 Ut
380 2176 452 2214 hoc
479 2177 619 2213 utimur
644 2187 817 2214 maxume
843 2187 946 2214 more
972 2187 1075 2214 moro
1102 2177 1153 2221 (b.
1174 2179 1260 2214 tetr.
1278 2179 1352 2222 ac.)

353 2237 587 2283 Molestoque
614 2238 772 2273 multum
798 2240 913 2282 atque
938 2237 993 2273 uti
1019 2237 1160 2283 quique
1186 2240 1276 2274 sunt
1301 2236 1453 2281 (b.tetr.
1469 2240 1570 2284 cat),

400 2296 554 2343 Optumi
572 2297 737 2335 maxumi
755 2308 896 2336 morem
915 2296 1055 2335 habent
1071 2295 1173 2335 hunc
1198 2297 1460 2344 (andiacum
1472 2301 1519 2335 tr.
1529 2300 1644 2345 mon.)

908 2457 986 2516 111.

344 2566 459 2611 Haec
492 2566 543 2612 de
577 2565 819 2612 acatelectis
853 2569 1046 2613 versibus
1077 2565 1239 2626 bacch„
1276 2565 1431 2627 quibus
1462 2564 1641 2615 Plautus

251 2647 296 2690 in
329 2647 506 2690 canticis
546 2662 649 2691 usus
683 2650 771 2704 est,
808 2647 938 2692 habui
971 2648 1131 2693 dicere:
1179 2648 1266 2692 iam
1298 2648 1351 2692 de
1382 2648 1641 2695 catalecticis
