1848 3081
857 189 911 232 21

194 310 449 357 solutionem
480 307 663 352 evitasse
694 320 780 358 non
810 306 969 350 mirum
989 306 1216 351 videbitur.
1259 306 1339 351 Cui
1360 308 1445 364 legi
1468 323 1575 366 quae

193 390 434 449 repugnent
447 387 659 446 exempla,
669 385 783 430 haud
800 398 937 443 pauca
953 385 1067 443 apud
1085 385 1268 430 editores
1284 387 1575 445 inveniuntur,

194 469 269 514 sed
300 467 507 512 librorum
538 466 622 510 fide
653 465 759 509 haec
789 467 973 519 tantum,
1006 464 1119 520 quod
1142 464 1298 521 sciam,
1329 466 1545 510 nituntur:

252 545 411 603 Amph.
429 545 533 588 570.
579 546 731 584 Perdat.
756 544 854 589 Quid
869 544 956 581 mali
971 555 1065 590 sum,
1079 555 1153 591 erc,
1162 548 1228 582 tua
1240 557 1287 583 ex
1298 557 1338 583 re
1350 548 1576 593 promeritus

251 611 551 657 Bacch.1126.
577 613 760 650 Deridere
785 622 866 648 nos.
907 610 997 648 Sine
1022 622 1091 648 suo
1116 622 1237 658 usque
1263 612 1456 659 arbitratu,

191 704 373 747 quorum
403 693 549 733 tamen
578 686 687 730 illud
717 685 804 729 tale
835 689 915 742 est,
946 688 996 729 ut
1027 686 1157 729 etiam
1180 686 1308 730 aliam
1329 700 1575 731 mensuram

189 768 410 812 admittat:

454 840 605 879 Perdat.
643 839 742 884 Quid
768 839 855 876 mali
879 850 964 876 sum
991 839 1042 884 (b.
1061 838 1168 884 dim.)

452 902 527 938 Ere
551 903 619 938 tua
643 910 690 937 ex
714 910 755 937 re
780 899 1007 946 promeritus
1037 899 1166 943 (iamb.
1183 899 1273 937 dim.
1292 901 1354 946 c.)‚

188 979 268 1022 hoc
297 976 519 1022 lenissima
548 975 800 1020 traiectione
831 978 1095 1019 removetur:

576 1051 759 1089 Deridere
785 1062 865 1089 nos.
917 1050 995 1088 Suo
1020 1050 1103 1088 sine
1128 1061 1184 1098 sq.

187 1127 415 1171 Praeterea
430 1127 731 1172 Fleckeisenus
753 1126 862 1170 tales
880 1126 1113 1170 solutiones
1129 1126 1281 1169 statuit
1295 1125 1455 1182 Amph.
1471 1126 1570 1169 163.

378 1202 443 1239 Eri
466 1202 561 1240 haec
585 1202 824 1240 immodestia
847 1213 908 1239 me
934 1202 1069 1249 coegit,
1096 1201 1161 1248 qui
1187 1201 1259 1239 hoc
1283 1202 1408 1239 noctis

188 1263 230 1303 et
246 1260 345 1303 169.
377 1263 496 1300 Facto
521 1266 588 1303 aut
611 1262 715 1299 dicto
741 1262 849 1298 adest
873 1272 979 1307 opus,
1005 1261 1226 1307 quiet[at]us
1250 1272 1298 1298 ne
1323 1261 1386 1308 sis,
1418 1300 1422 1303 ,

187 1337 261 1381 sed
281 1340 455 1395 praeter
474 1336 684 1381 librorum
704 1335 848 1392 fidem,
873 1339 922 1379 ut
942 1339 1081 1379 totum
1101 1335 1244 1379 locum
1264 1336 1364 1380 inde
1386 1350 1412 1379 a
1433 1351 1472 1379 v.
1485 1337 1572 1380 159

186 1429 319 1473 usque
341 1415 395 1459 ad
416 1416 501 1460 172
523 1413 667 1474 paullo
684 1413 914 1459 violentius
938 1414 1152 1459 tractavit.
1186 1413 1318 1459 Cuius
1338 1414 1422 1459 loci
1442 1415 1572 1474 primi

186 1509 335 1539 versus
367 1495 510 1539 nescio
542 1508 598 1538 an
618 1493 774 1539 Vetere
806 1493 912 1538 duce
945 1494 1007 1538 sic
1038 1494 1251 1538 scribendi
1282 1495 1388 1538 sint:

234 1576 293 1613 Ita
317 1576 425 1623 quasi
450 1576 627 1614 incudem
653 1586 713 1613 me
731 1575 907 1612 miserum
925 1574 1106 1622 homines,
1133 1579 1219 1613 octo
1237 1576 1353 1613 validi
1371 1576 1531 1613 caedant
1549 1576 1568 1625 ΙΙ

1258 1636 1387 1681 (iamb.
1407 1638 1520 1682 sept.)

232 1696 291 1733 Ita
314 1706 472 1743 peregre
497 1695 703 1733 adveniens
726 1694 894 1741 hospitio
918 1695 1124 1741 publicitus
1148 1696 1313 1743 accipiar
1330 1695 1364 1744 ΙΙ.

280 1757 384 1794 Haec
397 1756 451 1794 eri
464 1755 703 1793 immodestia
715 1755 849 1800 (troch.
859 1755 948 1792 dim.
958 1758 1006 1801 c.)
1048 1756 1183 1804 Coegit
1196 1768 1255 1794 me
1268 1757 1335 1804 qui
1346 1757 1420 1794 hoc
1433 1757 1568 1803 noctis,

1189 1817 1322 1863 (troch.
1341 1818 1428 1865 trip.
1446 1819 1519 1864 ac.)

474 1875 511 1913 A
534 1879 647 1922 portu
673 1875 845 1923 ingratiis
870 1876 1062 1913 excitavit.
1081 1877 1099 1925 11

910 1938 978 1982 (cr.
993 1937 1083 1975 dim.
1101 1948 1186 1976 cum
1203 1938 1324 1976 troch.
1340 1940 1519 1984 monom.)

402 1999 536 2036 Nonne
560 1998 661 2035 idem
685 1997 759 2035 hoc
783 1997 858 2034 luci
884 2008 943 2035 me
968 1998 1118 2035 mittere
1142 1999 1257 2045 p0t[is
1281 1998 1401 2045 fluit?

1251 2060 1324 2104 (cr.
1342 2062 1428 2097 tetr.
1446 2062 1518 2105 ac.)

401 2117 587 2165 Opulento
600 2117 744 2155 homini
756 2118 829 2156 hoc
844 2119 991 2166 [magis]
1005 2119 1168 2157 servitus
1181 2119 1313 2157 durast
1330 2121 1395 2165 (cr.
1404 2123 1490 2157 tetr.
1498 2122 1566 2166 c.):

182 2192 227 2235 in
259 2195 452 2237 extremo
483 2206 611 2240 versu
642 2206 740 2238 cum
770 2192 835 2237 Fl.
869 2227 892 2250 „
907 2193 1080 2250 magis“
1113 2195 1296 2249 inserui3
1334 2195 1414 2239 hoc
1453 2195 1566 2239 enim

183 2273 400 2315 auctorem
435 2272 651 2329 sequentis
683 2285 831 2315 versus

473 2354 581 2402 „Hoc
606 2353 726 2402 magis
751 2353 864 2391 miser
881 2357 940 2391 est
963 2354 1092 2392 divitis
1115 2354 1277 2402 servos‚“

183 2440 308 2483 quem
340 2427 456 2472 illius
487 2432 666 2487 propter
693 2428 911 2474 insolitam
940 2432 1199 2474 structuram
1225 2429 1436 2486 „servitus
1458 2443 1565 2487 opu-

181 2505 296 2551 lento
318 2506 509 2552 homini“
533 2508 753 2554 intellectu
781 2507 1032 2553 difficilioris
1046 2509 1450 2567 'interpretationem
1473 2523 1566 2553 esse

183 2596 280 2630 cum
313 2586 409 2631 aliis
429 2586 494 2631 Fl.
517 2587 640 2645 vidit,
671 2588 717 2633 in
748 2588 821 2633 illo
853 2587 1009 2644 legisse
1040 2601 1212 2633 necesse
1244 2591 1321 2631 est.
1365 2587 1446 2640 Qui
1477 2588 1565 2631 iam
