1848 3081
937 166 966 212 7

258 292 322 336 ita
364 290 411 334 in
449 288 698 335 bacchinon:
734 299 887 343 ,versus
924 283 1103 331 Plautus
1145 298 1218 338 eas
1254 298 1405 329 vomnes
1443 284 1639 328 licentias

259 368 471 424 admittit,
510 368 664 424 quibus
699 367 745 411 in
778 366 960 411 senariis
989 365 1132 409 locum
1164 364 1266 408 dare
1297 363 1427 419 solet,
1459 363 1535 406 sed
1565 375 1639 406 eas

258 450 439 493 tantum.
485 445 635 504 Itaque
655 457 764 503 quae
785 444 831 489 in
853 444 1034 489 senariis
1058 443 1332 487 inveniuntur
1353 441 1639 500 synaloephae

258 529 302 571 et
332 524 595 584 syllabarum
613 524 716 574 >'sive
746 526 904 568 natura
933 522 1023 566 sive
1053 522 1265 580 positione
1295 521 1522 577 longarum
1544 533 1638 564 cor—

257 605 488 663 reptiones,
519 604 695 649 eaedem
718 603 857 648 etiam
888 602 934 646 in
962 601 1196 647 baechiaeis
1220 601 1507 659 reperiuntur.
1547 598 1638 643 Ex-

246 684 410 742 emplis
448 682 678 728 afferendis
715 694 830 726 nune
861 681 1035 739 quidem
1066 680 1344 739 supersedere
1375 679 1483 723 mihi
1512 679 1640 723 liceat

256 775 307 807 ea
342 774 454 819 quae
492 762 539 805 in
576 757 878 819 disputationis
916 772 1147 818 progressu
1182 762 1411 803 occurrunt
1441 761 1640 802 accurate

255 843 469 885 notaturo.
515 838 575 884 Ut
604 840 738 895 igitur
767 853 795 884 a
825 839 1093 884 senariorum
1124 852 1207 882 usu
1226 837 1461 894 abhorret,
1491 838 1556 881 ita
1584 851 1639 881 ne

254 919 301 962 in
331 918 557 964 bacehiaeo
577 931 706 963 versu
735 918 836 963 talis
865 916 1130 976 synaloepha
1158 915 1336 962 ferenda
1356 918 1437 973 est,
1468 915 1639 973 qualem

253 996 288 1041 F
289 997 555 1042 leckeisenus
584 997 744 1056 Amph.
762 998 851 1042 648
899 1011 901 1013 ’

398 1078 500 1118 Satin
524 1080 576 1117 mi
600 1090 684 1117 esee
706 1078 854 1117 dueum.
892 1082 1127 1126 optumumst
1149 1078 1358 1127 praemjum
1382 1078 1504 1115 virtus

253 1159 373 1215 tulit3
411 1160 582 1205 videtur
606 1164 757 1206 ‘autem
794 1165 911 1206 totus
948 1161 1019 1206 hie
1048 1161 1165 1206 loeus
1196 1160 1297 1205 inde
1329 1172 1355 1204 a
1386 1172 1514 1204 versu
1544 1159 1635 1203 642

254 1239 316 1283 sic
346 1239 594 1284 scribendus
626 1253 742 1285 esse:

300 1314 473 1352 Sedhoc
497 1325 558 1353 me
580 1315 669 1353 beat
695 1315 885 1364 limitem,
910 1325 1024 1362 quom
1048 1316 1262 1362 perduelles
1287 1315 1441 1361 (bacch.
1461 1316 1567 1360 tetr.)

300 1381 405 1419 Vicit
429 1384 468 1419 et
491 1381 644 1420 domum
668 1381 792 1419 laudis
817 1392 972 1429 compos
996 1382 1159 1419 revenit:

469 1447 514 1484 Id
539 1448 722 1485 solatiost.
742 1447 761 1495 ΙΙ
789 1448 851 1492 (tr.
869 1447 957 1494 trip.
976 1448 1079 1494 cah).

349 1512 472 1559 Absit,
498 1513 701 1553 dummodo
717 1513 830 1553 laude
850 1517 959 1562 parta
974 1514 1127 1553 domum
1152 1515 1213 1557 (tr.
1228 1513 1316 1561 trip.
1328 1515 1403 1551 cat.
1418 1523 1449 1551 c.
1463 1523 1514 1551 cr.
1528 1512 1636 1558 dim.)

347 1581 523 1627 Recipiat
534 1591 595 1619 se:
611 1580 729 1620 feram
740 1585 780 1619 ot
790 1581 977 1628 perferam
988 1593 1111 1629 usque
1118 1584 1184 1627 (cr.
1191 1582 1283 1619 dim.
1290 1592 1376 1619 cum
1389 1580 1634 1625 mon.troch.)

250 1645 407 1684 Abitum
433 1646 516 1684 eius
539 1647 665 1686 animo
689 1646 779 1686 forti
802 1651 917 1696 atque
940 1647 1156 1688 obfirmato:
1182 1648 1222 1685 id
1245 1647 1359 1685 modo
1384 1649 1451 1693 (cr.
1466 1648 1571 1692 tetr.)

396 1712 437 1750 Si
462 1713 646 1751 mercedis
673 1712 691 1761 ΙΙ
719 1714 831 1751 datur
855 1716 917 1761 mi,
943 1718 986 1751 ut
1011 1726 1117 1752 meus
1143 1717 1210 1760 (cr.
1226 1715 1342 1760 trim.)

393 1777 528 1815 Victor
550 1778 610 1815 vir
633 1777 722 1815 belli
747 1779 881 1826 clueat,
906 1780 999 1817 satis
1025 1779 1046 1827 Η

249 1844 301 1883 Mi
324 1855 409 1883 esse
432 1844 587 1883 ducam:
612 1844 734 1883 virtus
757 1845 1003 1892 praemiumst
1026 1849 1235 1893 optumum.
1251 1845 1270 1895 ΙΙ
1296 1847 1364 1891 (cr.
1382 1847 1487 1892 tetr.)

341 1924 520 1971 Duabus
558 1925 693 1971 hastis
729 1929 779 1970 ut
816 1927 930 1985 apud
960 1926 1143 1971 Pareum
1174 1927 1342 1972 Veteris
1378 1928 1531 1972 divisio
1563 1928 1632 1973 hie

250 2007 293 2050 et
324 2004 427 2050 alibi
459 2004 735 2062 significatur.
787 2004 955 2051 Deinde
985 2020 1033 2051 re
1064 2021 1165 2051 vera
1194 2020 1280 2051 non
1310 2005 1536 2051 Plautinus
1567 2011 1633 2051 est

249 2086 497 2129 tetrameter
512 2083 675 2140 bacch„
692 2085 766 2141 qui
781 2083 894 2130 Men.
904 2085 1007 2130 977.
1025 2085 1140 2143 apud
1154 2085 1435 2143 Ritschelium
1449 2085 1629 2141 legitur:

370 2172 574 2218 Propterea
597 2171 738 2210 bonum
763 2176 948 2211 certumst
970 2174 1097 2222 potjus
1121 2183 1233 2220 quam
1260 2174 1397 2210 malum
1422 2184 1518 2220 esse,

249 2266 377 2312 quem
407 2266 581 2297 versum
619 2252 656 2297 si
693 2251 902 2298 librorum
941 2254 1155 2313 scriptura
1195 2257 1364 2298 servata
1402 2258 1446 2299 et
1479 2253 1628 2311 „esse“

247 2331 438 2388 legitime
476 2333 673 2390 correpto
714 2331 930 2376 senarium
970 2347 1062 2389 esse
1102 2333 1297 2390 putabis,
1344 2337 1393 2376 ut
1429 2347 1455 2376 a
1492 2336 1629 2377 metro

247 2411 356 2456 nihil
386 2410 515 2465 habet
544 2410 664 2467 vitii,
699 2411 761 2457 ita
792 2424 819 2454 a
849 2411 1061 2455 sententia
1090 2411 1254 2458 nullam
1287 2411 1409 2455 video
1440 2425 1630 2468 causam,

248 2502 325 2533 cur
346 2493 394 2533 ut
427 2488 529 2545 „vix
548 2486 773 2534 Plautinus
794 2488 862 2534 vel
892 2488 972 2533 hoc
1004 2492 1118 2534 certe
1149 2489 1241 2534 loeo
1269 2502 1354 2533 non
1373 2488 1626 2534 Plautinus“

247 2570 530 2627 expungatur.
1247 2575 1249 2577 ’
