1848 3081
910 169 968 211 24

247 290 296 330 ut
326 290 659 332 consentaneum
692 290 783 344 est,
818 288 882 331 ita
912 287 974 332 eis
1006 301 1115 346 quae
1145 292 1264 333 certa
1296 292 1396 334 sunt
1427 288 1635 347 exemplis

247 365 562 424 comprobatur.
625 365 803 411 Illorum
840 366 1033 411 locorum
1072 367 1125 411 de
1166 369 1351 413 secundo
1384 369 1476 413 sine
1506 368 1635 413 dubio

246 458 397 489 verum
428 444 539 489 vidit
570 444 826 504 Spengelius
856 444 885 490 1.
911 444 940 490 l.
972 460 1016 505 p.
1035 446 1116 504 26,
1157 445 1267 491 alter
1304 448 1449 492 nescio
1481 461 1535 492 an
1575 447 1636 492 sic

245 524 534 569 Ambrosiano
567 525 674 570 duce
705 525 912 580 legendus
945 526 1021 569 sit:

296 600 394 646 Quid
418 604 532 648 opust
556 611 617 638 me
643 601 780 638 multas
805 612 918 649 agere
967 601 1161 649 Ambages
1185 601 1258 639 hoc
1283 604 1343 639 est
1365 601 1510 641 homini

1192 661 1244 705 (ΙΙ
1261 672 1371 708 anap.
1388 661 1479 698 dim.
1498 663 1588 707 cat.)

538 720 658 766 Quam
684 720 733 759 ob
759 732 839 760 rem
864 721 981 759 vitam
1007 724 1109 760 amet
1133 721 1271 767 (troch.
1287 722 1375 769 trip.
1393 732 1427 760 c.
1430 724 1462 771 >3

248 755 318 844 (de
350 794 555 848 sequente
587 805 716 836 versu
748 791 801 835 cf
824 790 876 834 II.
899 791 1017 845 1.1).
1075 791 1224 847 Neque
1255 794 1371 835 recte
1403 805 1448 835 se
1479 791 1636 835 habere

246 871 389 924 potest
410 869 607 914 trimeter
626 869 772 915 bacch.
762 903 789 926 .‚
807 883 935 926 quem
952 868 1227 913 Hermannus
1244 868 1370 913 Most.
1386 871 1444 914 89
1466 870 1635 914 statuit:

563 946 765 983 Hominem
792 945 901 982 cuius
926 945 980 982 rei
1005 945 1157 992 quando
1182 948 1323 992 natust,

245 1025 331 1069 nisi
361 1025 408 1068 in
433 1024 609 1081 „cuius“
636 1025 832 1071 vocabuli
864 1026 983 1070 exitu
1013 1043 1032 1070 ε
1064 1027 1262 1082 abicitur,
1294 1029 1343 1070 ut
1372 1039 1507 1084 purus
1537 1026 1636 1070 bac-

245 1104 367 1148 chius
400 1105 572 1150 existat.
617 1104 739 1158 Quod
760 1108 905 1149 tamen
927 1105 1173 1164 exemplum
1194 1119 1349 1164 parum
1370 1108 1535 1150 certum
1557 1109 1637 1162 est,

246 1197 344 1227 cum
377 1184 527 1228 eodem
557 1185 652 1228 iure
685 1198 858 1228 versum
890 1187 939 1228 ut
969 1184 1115 1228 bacch.
1137 1187 1438 1228 tetrametrum
1467 1188 1550 1229 cat.

539 1260 741 1297 Hominem
768 1259 864 1296 cuiu’
890 1260 945 1297 rei
970 1259 1122 1306 quando
1151 1263 1263 1297 natus
1288 1263 1346 1297 est

247 1331 291 1372 et
321 1332 371 1371 ut
402 1342 528 1386 anap.
565 1328 796 1372 dimetrum
828 1341 890 1370 ac.

539 1403 739 1441 Hominem
766 1403 875 1440 cuius
900 1402 966 1449 rei,
992 1402 1145 1449 quando
1169 1406 1299 1440 natust

246 1479 390 1522 metiri
422 1480 653 1536 possimus.
716 1478 865 1535 Neque
898 1478 1054 1522 certior
1086 1480 1152 1521 est
1183 1478 1396 1535 trimeter,
1428 1491 1554 1535 quem
1585 1477 1636 1521 R.

247 1557 396 1602 eodem
424 1557 673 1602 Hermanno
706 1560 880 1602 auctore
911 1555 1037 1601 Most.
1057 1558 1115 1601 94
1149 1556 1288 1601 dedit:

540 1646 595 1683 At
618 1657 691 1693 ego
716 1646 756 1682 id
781 1645 930 1691 faciam,
955 1645 1011 1681 ita
1035 1655 1119 1681 esse
1144 1648 1188 1681 ut
1212 1644 1387 1690 credatis,

248 1726 321 1783 qui
342 1740 508 1782 versus,
538 1726 672 1771 libros
695 1726 733 1770 si
755 1726 990 1783 sequimur,
1023 1726 1167 1785 potius
1190 1739 1316 1782 anap.
1339 1725 1442 1768 dim.
1465 1739 1526 1769 ac.
1551 1730 1636 1769 est:

541 1813 596 1850 At
620 1824 692 1861 ego
717 1813 758 1851 id
783 1812 931 1861 faciam,
958 1824 1043 1851 esse
1067 1813 1121 1850 ita
1145 1816 1187 1850 ut
1212 1812 1386 1850 credatis.

247 1895 366 1939 Idem
405 1896 458 1939 de
495 1896 705 1939 trimetris
743 1895 784 1938 b.
819 1894 1046 1938 dicendum
1086 1896 1174 1949 est,
1214 1893 1288 1949 qui
1323 1893 1381 1937 ib.
1411 1893 1509 1937 124.
1538 1894 1636 1937 125.

250 1974 353 2017 331.
372 1974 460 2018 332
494 1973 610 2032 apud
630 1973 682 2017 R.
699 1973 917 2030 leguntur,
950 1986 1133 2030 quorum
1156 1972 1208 2015 de
1228 1971 1369 2029 primo
1392 1971 1444 2016 cf.
1461 1970 1514 2015 Π.
1537 1973 1574 2015 1.
1594 1973 1638 2028 2,

250 2052 462 2095 secundus
502 2055 546 2095 et
583 2052 738 2095 tertius
772 2052 903 2095 etiam
935 2064 1086 2095 versus
1118 2064 1173 2094 ex
1205 2050 1349 2094 bacch.
1381 2049 1564 2094 dimetro
1597 2053 1640 2093 et

248 2130 378 2174 iamb.
401 2129 591 2188 tripodia
623 2133 705 2173 cat.
740 2130 966 2187 compositi
998 2143 1091 2173 esse
1122 2132 1322 2186 possunt:

541 2206 622 2243 Nec
646 2208 820 2252 sumptus
844 2204 917 2242 sibi
942 2204 1110 2252 sumptui
1135 2215 1219 2242 esse
1243 2204 1389 2241 ducunt

543 2265 669 2303 Madet
693 2265 817 2303 hom6.
850 2266 936 2302 Tun
961 2276 1021 2303 me
1046 2270 1103 2303 ais
1119 2264 1422 2302 mamamadere?

252 2337 431 2391 quartus
464 2347 590 2391 anap.
614 2334 716 2378 dim.
740 2348 802 2378 ac.

543 2409 644 2447 Cedo
670 2415 831 2456 manum,
857 2410 946 2447 nolo
972 2409 1148 2457 equidem
1173 2410 1212 2445 te
1237 2407 1377 2456 adfligi.

249 2491 316 2535 De
347 2490 474 2535 Most.
498 2492 586 2535 317
612 2494 656 2535 et
680 2492 768 2535 319
808 2491 862 2535 cf.
891 2490 945 2534 II.
972 2494 1011 2534 1.
1039 2492 1087 2546 1,
1126 2489 1178 2534 de
1210 2489 1369 2547 Amph.
1391 2490 1476 2533 179
1508 2489 1560 2533 cf.
1583 2488 1637 2533 ΙΙ.

251 2570 293 2614 3.
328 2570 368 2614 1.
