1848 3081
855 195 912 237 25

237 356 241 358 ,
282 317 324 361 2.
370 313 577 359 Maiorem
609 312 737 359 fidem
770 313 874 357 haec
903 313 1059 357 habere
1090 312 1291 357 videntur
1322 312 1537 371 exempla:

193 395 287 440 Cas.
310 393 363 437 Π.
391 395 428 436 1.
456 394 511 436 10
532 407 594 450 sq.

243 483 357 531 ssEgo
380 481 445 528 pol
466 482 572 518 illum
598 481 715 527 probe
741 478 991 517 incommodis
1014 480 1127 517 dictis
1151 492 1287 528 angam
1314 481 1363 526 (b.
1382 482 1484 526 tetr.)

287 541 437 579 Faciam
463 541 530 587 uti,
555 540 711 587 proinde
741 541 808 588 [ut]
831 543 889 577 est
904 540 1054 587 dignus,
1082 539 1100 588 ΙΙ
1119 540 1235 577 vitam
1253 541 1362 586 colat,
1389 544 1454 585 (cr.
1470 542 1570 586 tetr.)

409 600 635 638 Acheruntis
659 600 849 647 pabulum,
876 600 1010 644 (troch.
1028 600 1117 636 dim.
1137 603 1186 644 c.)

286 660 424 708 Flagiti
449 663 736 706 persequentem
761 659 946 697 stabulum
973 659 1175 706 nequitiae.
1205 659 1224 707 ΙΙ
1253 661 1319 705 (cr.
1337 662 1439 705 tctr.)

241 721 259 769 ΙΙ
273 721 382 759 Nunc
405 719 496 757 hinc
520 731 622 758 meas
647 719 817 759 fortunas
865 720 921 758 Eo
947 724 1121 767 questum
1147 720 1195 757 ad
1220 720 1396 757 vicinam.

1168 781 1219 825 (II
1235 780 1348 817 iamb.
1365 780 1455 816 dim.
1473 781 1522 824 c.)

286 840 361 878 Sed
385 838 476 877 foris
494 840 714 887 concrepuit
732 839 750 888 ΙΙ
770 843 884 887 atque
901 850 1013 887 eapse
1030 851 1157 878 eccam
1174 840 1377 888 egreditur.
1404 840 1455 885 (b.
1469 841 1571 884 tetr.)

406 901 490 938 Non
514 911 582 947 per
604 904 754 947 tempus
778 902 851 938 iter
875 901 947 938 hoc
972 902 1024 937 mi
1048 901 1186 947 incepi.
1213 901 1264 945 (b.
1281 901 1397 945 trim.)

191 987 262 1031 Sic
301 989 516 1030 extremos
553 986 659 1031 duos
691 1000 841 1031 versus
872 987 1183 1032 Ambrosianus
1214 986 1430 1044 Gepperto
1462 989 1571 1030 teste

190 1069 388 1110 exaratos
419 1065 561 1122 habet,
595 1066 680 1110 nisi
712 1066 824 1124 quod
855 1080 934 1124 pro
969 1065 1152 1125 „eapse“
1190 1063 1338 1125 „ipsa“
1372 1065 1570 1124 praebet3

189 1146 235 1189 in
255 1144 411 1189 Vetere
441 1145 546 1189 haec
576 1145 796 1200 leguntur:

286 1232 361 1270 Sed
385 1232 477 1270 foris
501 1233 720 1279 concrepuit
744 1236 858 1279 atque
883 1244 928 1270 ea
951 1233 1034 1278 ipsa
1059 1243 1184 1270 eccam
1210 1234 1404 1280 egreditur
1428 1233 1541 1270 foras.

1258 1293 1392 1337 (troch.
1410 1295 1522 1339 sept.)

406 1353 491 1390 Non
514 1353 578 1399 pol
603 1362 671 1399 per
694 1355 844 1399 tempus
893 1352 969 1388 Iter
995 1352 1045 1387 mi
1065 1352 1203 1398 incepi.
1230 1352 1280 1395 (ΙΙ
1293 1352 1404 1389 iamb.
1419 1352 1507 1398 trip.
1522 1354 1570 1397 c.)

190 1438 286 1481 Cas.
308 1438 382 1481 III.
404 1440 447 1482 5.
474 1440 529 1482 16
551 1452 614 1495 sq.

286 1525 423 1564 Obtine
447 1526 560 1573 auris,
585 1526 732 1564 amabo.
781 1526 799 1563 I
825 1526 865 1563 in
890 1526 1027 1563 malam
1053 1536 1219 1563 crucem:

1006 1589 1072 1632 (cr.
1089 1587 1178 1623 dim.
1198 1598 1283 1623 cum
1301 1590 1346 1622 tr.
1366 1587 1453 1632 trip.
1471 1588 1521 1630 c.)

236 1646 385 1692 Pectus,
413 1645 431 1693 ΙΙ
459 1646 569 1691 auris,
595 1649 709 1692 caput
732 1649 846 1692 teque
871 1646 911 1682 di
935 1646 1122 1692 perduint.
1151 1648 1218 1691 (cr.
1235 1649 1336 1689 tetr.)

407 1706 502 1743 Nam
528 1706 600 1742 nisi
626 1716 673 1743 ex
698 1708 736 1742 te
761 1706 839 1742 scio
868 1705 885 1753 ΙΙ
913 1706 980 1751 (cr.
996 1706 1102 1750 dim.)

237 1765 425 1811 Quicquid
449 1765 520 1801 hoc
545 1768 604 1801 est
627 1765 715 1810 cito,
740 1765 815 1801 iam
838 1765 910 1801 tibi
933 1766 1032 1802 istuc

908 1826 974 1871 (cr.
992 1826 1080 1863 dim.
1101 1837 1186 1863 cum
1204 1825 1324 1863 troch.
1345 1828 1522 1870 monom.)

408 1884 611 1922 Gerebrum
637 1884 915 1931 dispereatiam‚
942 1889 1126 1931 execrata,
1153 1886 1203 1930 (b.
1221 1886 1336 1930 trim.)

479 1944 658 1982 Ludibrio
684 1956 859 1992 pessume
885 1948 952 1990 (cr.
968 1945 1073 1991 dim.)

407 2005 545 2042 Adhuc
564 2016 661 2051 quae
678 2016 738 2042 me
755 2006 933 2042 habuisti.
954 2005 971 2053 Η
991 2006 1064 2041 Ere
1081 2006 1144 2041 mi.
1181 2005 1279 2048 Quid
1296 2005 1365 2050 vis,
1392 2004 1443 2049 (b.
1456 2004 1571 2048 trim.)

238 2065 322 2101 Mea
344 2065 505 2101 ancilla?
535 2065 713 2111 Nimium,
739 2066 874 2102 saevis.
902 2064 921 2114 ΙΙ
948 2065 1111 2102 Numero
1137 2064 1199 2101 dic
1224 2064 1277 2101 sis
1304 2064 1355 2109 (b.
1372 2067 1474 2109 tetr.)

177 2147 180 2150 -
238 2125 288 2160 Et
311 2124 395 2170 hoc,
420 2125 601 2171 quicquid
625 2128 693 2171 est,
719 2126 907 2172 eloquere,
933 2126 972 2161 in
997 2135 1119 2171 pauca
1144 2124 1285 2162 confer.
1306 2124 1324 2172 ΙΙ
1383 2152 1400 2171 „

189 2209 342 2255 Bacch.
369 2212 499 2255 1137.

484 2287 503 2335 ΙΙ
530 2286 639 2324 Solae
664 2286 782 2334 libere
807 2287 1051 2333 grassentur?
1078 2288 1200 2332 (anap.
1221 2286 1311 2323 dim.
1330 2287 1377 2331 c.)

409 2347 508 2391 Quin
532 2350 656 2384 aetate
681 2346 793 2384 credo
818 2356 900 2382 esse
925 2349 1068 2392 mutas3
1096 2345 1113 2392 ΙΙ
1142 2346 1194 2390 (b.
1211 2346 1327 2390 trim.)

191 2445 288 2476 nam
332 2432 475 2489 „solae
514 2430 675 2477 libere“
691 2492 693 2501 Ι
709 2445 834 2477 voces
873 2445 949 2475 cur
986 2432 1038 2476 ab
1069 2432 1303 2491 interprete
1336 2432 1572 2489 adscriptas

192 2523 285 2554 esse
314 2524 488 2556 necesse
520 2512 591 2568 sit,
622 2525 708 2556 non
738 2510 875 2555 video.

190 2587 320 2635 Poen.
342 2590 376 2635 Ι.
399 2592 441 2636 2.
468 2593 537 2636 12.
