1848 3081
872 175 929 217 44

208 295 444 337 metrorum
484 293 628 338 bacch.
660 307 722 338 ac.
765 293 990 352 systemati
1020 293 1121 338 talis
1151 307 1303 339 versus
1333 293 1597 352 praemissus

209 374 274 414 est
304 371 405 415 Aul.
429 371 482 416 Π.
510 375 547 416 1.
576 375 613 416 1.
648 374 759 417 sicut
789 372 916 417 Most.
941 373 1043 417 782.

378 454 502 491 Velim
528 457 567 491 te
592 454 766 492 arbitrari
790 465 851 492 me
875 454 970 492 haec
994 453 1112 491 verba
1136 441 1251 511 frater

377 514 487 551 Nunc
511 514 614 551 hunc
638 514 794 552 hausoio
818 526 867 552 an
893 515 1098 562 conloquar
1120 513 1346 561 congrediar
1369 525 1426 561 sq.

208 588 292 633 duo
331 588 516 634 fortasse
548 614 605 620 ——
638 603 740 634 nam
780 590 901 648 prior
939 591 1067 635 etiam
1101 603 1154 633 ex
1185 592 1241 633 tr.
1265 589 1455 647 tripodia
1485 602 1520 633 c.
1553 592 1598 634 et

207 680 267 712 cr.
291 668 474 713 dimetro
507 669 768 727 compositus
801 683 894 714 esse
926 671 1069 728 potest
1101 692 1157 699 -
1189 666 1299 713 Rud.
1323 668 1426 713 277.

451 751 748 799 Miserarumque
775 755 813 788 te
837 751 1030 789 ambarum
1057 751 1113 788 uti
1138 751 1325 797 misereat,

451 810 597 856 Quibus
622 822 693 849 nec
717 812 825 849 locus
849 811 950 849 ullus
975 821 1046 848 nec
1071 821 1159 857 spes
1183 814 1362 857 paratast,

210 884 283 940 qui
305 897 455 929 versus
488 886 524 929 si
555 886 681 930 ambo
706 886 853 930 bacch.
877 889 992 942 sunt,
1023 886 1069 929 in
1090 886 1233 944 priore
1252 884 1398 930 bacch.
1416 884 1598 948 dimeter

209 963 338 1007 iamb.
362 963 453 1007 colo
486 964 715 1021 antecedit,
747 965 792 1008 in
825 965 959 1009 altero
993 964 1201 1018 succedit3
1232 964 1456 1020 utriusque
1482 963 1597 1007 enim

209 1041 380 1096 generis
427 1055 578 1086 versus
625 1043 841 1087 interdum
890 1056 917 1086 a
962 1042 1114 1087 Plauto
1161 1043 1502 1098 coniunguntur,
1549 1044 1598 1085 ut

208 1118 364 1163 Pseud.
391 1121 508 1164 1274
525 1117 593 1164 ''cf.
623 1121 676 1164 II.
703 1123 741 1164 1.
769 1124 807 1164 1.
841 1120 937 1165 Cas.
960 1120 1033 1165 III.
1057 1122 1100 1165 5.
1124 1122 1196 1164 31.

309 1196 327 1242 ΙΙ
354 1196 568 1233 Insectatur
591 1197 713 1234 omnis
737 1196 840 1234 domi
865 1207 932 1243 per
956 1197 1061 1234 aedis
1086 1196 1234 1241 (bacch.
1251 1196 1382 1242 iamb.)

354 1257 434 1294 Nec
452 1266 679 1304 quemquam
696 1258 714 1304 ΙΙ
730 1268 848 1304 prope
864 1257 913 1294 ad
930 1257 1039 1304 se[se]
1059 1257 1151 1294 sinit
1166 1257 1286 1294 adire:
1313 1255 1596 1302 (bacch.iamb.)

257 1316 316 1353 Ita
340 1317 463 1354 omnis
488 1317 559 1354 sub
585 1318 682 1354 arcis
708 1317 778 1355 sub
804 1318 915 1354 lectis
938 1318 1099 1354 latentes
1127 1317 1177 1362 (b.
1195 1318 1299 1362 tetr.)

403 1377 506 1415 Metu
532 1378 743 1415 mussitant.
762 1378 780 1423 ΙΙ
796 1377 927 1415 Occidi
952 1380 1066 1424 atque
1091 1378 1219 1415 interii
1244 1377 1295 1423 (b.
1314 1377 1442 1422 iamb.)

403 1437 503 1481 Quid
528 1438 584 1473 illi
609 1437 838 1475 obiectumst
863 1438 951 1474 mali
977 1441 1054 1474 tam
1081 1441 1248 1484 repente.
1265 1439 1283 1484 ΙΙ
1312 1437 1440 1482 (iamb.
1457 1437 1511 1481 b.)

207 1511 265 1556 ib.
288 1512 347 1556 52
366 1525 429 1569 sq.
456 1516 732 1555 Occisissumus
757 1527 839 1553 sum
867 1516 1034 1553 omnium
1060 1516 1126 1563 qui
1150 1516 1300 1553 vivont:
1317 1516 1335 1562 ΙΙ
1362 1515 1415 1561 (b.
1433 1515 1474 1560 i.)

451 1577 623 1614 Loricam
649 1576 803 1613 induam
830 1577 899 1613 mi:
925 1580 1121 1623 optumum
1147 1587 1230 1613 esse
1254 1576 1401 1623 opinor.
1432 1603 1450 1623 „

452 1636 579 1681 Quid?
603 1648 699 1674 uxor
714 1637 732 1684 11
749 1647 833 1675 mea
857 1648 932 1675 non
958 1637 1053 1675 adiit
1077 1640 1190 1685 atque
1215 1636 1384 1675 ademit?
1409 1636 1449 1682 (i.
1466 1635 1520 1683 b.)

207 1705 408 1750 Fortasse
440 1706 569 1750 etiam
604 1705 727 1750 Curc.
756 1708 841 1750 115
865 1720 928 1763 sq.
962 1710 1005 1750 et
1034 1705 1165 1750 Poen.
1187 1705 1220 1750 Ι.
1244 1708 1286 1750 2.
1312 1707 1385 1750 32.
1417 1704 1596 1749 Plautus

206 1783 312 1829 haec
342 1788 482 1829 metra
513 1785 739 1830 coniuncta
769 1784 926 1829 voluit:

401 1861 489 1899 Tibi
512 1861 578 1908 qui
604 1862 766 1899 screanti
792 1861 916 1898 siccae
942 1862 1190 1899 semisomnae
1217 1861 1256 1906 (i.
1272 1862 1327 1907 b.)

401 1920 540 1958 Adfert
564 1922 755 1968 potionem
783 1925 821 1958 et
844 1922 947 1959 sitim
972 1921 1144 1959 sedatum
1169 1922 1200 1958 it
1225 1922 1277 1967 (b.
1294 1922 1336 1967 i.)

207 1982 250 2022 et
399 1982 515 2027 Quasi
539 1982 639 2019 salsa
664 1982 863 2019 murictica
887 1992 971 2019 esse
995 1984 1238 2019 autumantur
1266 1982 1306 2026 (i.
1322 1982 1376 2028 b.)

499 2042 589 2079 Sine
615 2042 718 2079 omni
743 2043 872 2090 lepore
897 2046 936 2080 et
960 2042 1042 2079 sine
1066 2042 1254 2080 suavitate
1280 2043 1332 2088 (b.
1350 2043 1391 2089 i.)

401 2103 483 2142 Nisi
506 2103 625 2140 multa
649 2114 747 2150 aqua
772 2114 893 2151 usque
918 2107 957 2141 et
980 2103 1046 2141 diu
1071 2108 1318 2152 macerantur,
1344 2104 1383 2149 (i.
1402 2103 1455 2149 b.)

207 2187 388 2231 quorum
420 2186 623 2217 versuum
657 2173 845 2230 primus,
877 2173 1053 2230 tertius,
1086 2174 1261 2230 quintus
1292 2174 1333 2218 b.
1354 2173 1594 2217 tetrametri

207 2266 268 2297 ac.
301 2251 431 2308 fiunt,
465 2252 502 2296 si
545 2252 680 2307 „tibi,
721 2252 866 2308 quasi,
905 2250 1024 2296 nisi“
1065 2266 1144 2310 pro
1181 2252 1337 2296 iambis
1368 2251 1594 2309 habentur,

207 2332 318 2375 sicut
347 2330 479 2375 Merc.
503 2331 590 2374 337
611 2344 674 2387 sq.

255 2407 372 2454 Satin,
398 2406 581 2455 quicquid
607 2409 675 2453 est,
700 2417 813 2454 quam
838 2417 917 2445 rem
947 2407 1045 2455 [ego]
1070 2416 1183 2454 agere
1208 2406 1350 2454 occepi,
1377 2407 1427 2451 (b.
1447 2407 1489 2452 i.)

255 2468 451 2514 Proprium
477 2468 610 2515 nequit
635 2468 686 2504 mi
711 2468 815 2515 quod
839 2468 952 2515 cupio
978 2467 1159 2505 evenire?
1184 2468 1260 2511 (L.:
1284 2478 1343 2505 ev.
1362 2479 1398 2515 q.
1417 2479 1471 2516 c.;
1496 2468 1522 2505 i.
1539 2468 1594 2514 b.)

353 2529 412 2566 Ita
436 2529 527 2566 mihi
553 2529 651 2566 mala
723 2528 800 2566 Res
823 2528 950 2576 aliqua
975 2528 1144 2575 obicitur,
1171 2529 1221 2572 (ΙΙ
1238 2531 1285 2566 tr.
1302 2528 1389 2575 trip.
1407 2532 1457 2575 c.)

255 2589 400 2626 Bonum
428 2601 525 2636 quae
552 2601 674 2627 meum
702 2590 917 2635 comprimit
942 2589 1152 2626 consilium.
1179 2589 1231 2634 (b.
1249 2590 1290 2633 i.)
