1848 3081
922 187 974 229 12

249 308 394 352 littera
423 308 641 363 geminata
664 306 864 364 producit
893 306 1079 361 (cf.Cist.
1095 306 1373 352 11.3.17.86.
1403 306 1521 352 Pers.
1534 307 1637 352 659.
1700 318 1704 320 ·

248 386 380 431 Merc.
404 386 527 443 980),
559 387 622 430 ita
649 386 787 430 redux
809 385 1009 429 adiectivi
1029 386 1217 443 primam
1238 384 1308 430 hic
1331 390 1373 431 et
1394 386 1517 444 Capt.
1534 386 1637 431 923.

493 462 613 507 Quom
640 465 678 498 te
704 461 908 499 redducem
933 465 1001 499 tuo
1025 462 1123 508 patri
1149 461 1396 499 reddiderunt

250 533 399 577 eadem
430 532 597 576 ratione
629 531 865 590 producere
887 531 1091 590 potuerit,
1124 530 1293 575 etiamsi
1315 530 1411 575 aliis
1433 530 1543 576 locis>
1558 545 1637 589 pro

248 612 370 656 brevi
400 611 541 655 habet.

341 691 383 734 6.
436 689 533 733 Non
574 702 707 745 aeque
745 688 857 732 male
890 703 936 733 se
967 689 1127 733 habent
1157 689 1202 732 hi
1233 688 1492 747 pyrrhichii,
1530 681 1637 746 quos

247 769 293 813 in
325 768 505 813 eandem
538 767 683 811 sedem
714 767 830 812 idem
861 766 926 811 Fl.
959 767 1119 826 Amph.
1142 767 1232 811 574
1265 766 1335 822 (II.
1357 766 1390 811 I.
1415 766 1491 821 24)

441 845 563 881 Homo
589 843 652 880 hic
678 844 831 890 ebriust,
857 847 901 880 ut
925 844 1071 890 opinor.
1109 844 1252 890 Egone.
1288 843 1348 880 Tu
1373 843 1461 880 istic

166 878 174 886 ¹
249 913 325 968 (cf.
358 911 490 957 Jahni
521 926 619 956 ann.
641 911 741 956 LXI
772 926 815 971 p.
839 912 923 968 22)
957 916 1000 957 et
1029 911 1080 957 R.
1102 910 1257 957 Pseud.
1284 912 1415 957 1266.

351 989 443 1026 Dari
470 989 654 1035 dapsiles:
681 999 752 1026 nec
777 989 891 1026 etiam
918 999 1030 1036 parce
1054 989 1176 1036 promi
1201 989 1344 1026 victum
1370 992 1536 1027 ceterum

247 1058 534 1111 admiserunt3
583 1059 658 1102 sed
704 1072 842 1114 neque
882 1060 927 1101 in
966 1059 1089 1103 libris
1129 1058 1264 1101 ullum
1307 1061 1469 1102 certum
1509 1057 1636 1102 huius

247 1137 416 1192 generis
449 1136 693 1194 exemplum
726 1137 870 1180 inveni
946 1161 962 1165 -
989 1149 1092 1180 nam
1122 1135 1231 1181 Rud.
1255 1137 1343 1181 258

417 1213 490 1257 Qui
515 1217 615 1258 sunt,
642 1213 709 1259 qui
732 1224 756 1249 a
780 1216 940 1259 patrona
963 1223 1095 1259 preces
1121 1224 1205 1250 mea
1229 1216 1473 1260 expetessunt

245 1295 332 1326 non
375 1316 396 1339 „
411 1279 723 1340 expetessunt“
763 1282 927 1327 formae
958 1277 1100 1341 prima
1131 1282 1401 1341 corripienda
1433 1285 1519 1339 est,
1560 1281 1656 1327 sed.

249 1375 380 1416 „mea
412 1360 500 1404 ex“
536 1362 781 1417 coalescunt
813 1385 870 1391 ——
905 1366 947 1404 et
979 1362 1031 1404 de
1059 1362 1166 1419 ipsis
1194 1362 1281 1404 illis
1308 1362 1414 1405 locis
1443 1362 1634 1404 animum

247 1439 300 1483 ad
331 1439 541 1483 librorum
572 1439 831 1497 scripturam
852 1439 1093 1483 advertenti
1111 1439 1238 1484 aliter
1259 1439 1532 1484 statuendum
1555 1443 1632 1484 est.

244 1518 575 1575 Amphitruonis
607 1518 748 1560 locum
780 1517 934 1560 Vetere
966 1518 1072 1560 duce
1105 1518 1167 1560 sic
1199 1518 1359 1561 scribo:

245 1624 327 1660 573.
367 1624 507 1661 Verum
533 1623 635 1660 haud
660 1623 823 1660 mentior
847 1633 982 1669 resque
1007 1623 1063 1659 uti
1088 1622 1226 1659 factast
1250 1622 1385 1670 dieozn
1413 1623 1463 1663 (b.
1482 1625 1585 1668 tetr.)

414 1684 537 1721 Homo
562 1683 625 1721 hic
650 1683 806 1730 ebriust‚
831 1687 874 1720 ut
899 1684 1043 1730 opinor.
1065 1682 1084 1731 ΙΙ
1112 1684 1152 1728 (ἱ.
1170 1684 1260 1720 dim.
1279 1686 1327 1730 c.)

293 1745 452 1792 Egone?
488 1745 546 1781 Tu
574 1745 672 1781 istic.
718 1743 870 1782 Utinam
897 1745 951 1781 ita
975 1755 1108 1781 essem.
1155 1745 1271 1791 Optas
1297 1756 1394 1792 quae
1419 1744 1535 1782 facta:
1569 1746 1634 1783 ubi

1046 1805 1205 1842 bibisti?
1231 1807 1290 1848 (tr.
1310 1807 1399 1850 oct.)

291 1865 486 1911 Nusquam
518 1864 693 1911 equidem
727 1865 820 1902 bibi.
868 1865 965 1909 Quid
998 1865 1071 1902 hoc
1103 1869 1162 1902 est
1185 1865 1376 1902 hominis?
1402 1865 1421 1912 ΙΙ
1447 1865 1633 1912 Equidem

1046 1925 1202 1963 deciens
1226 1926 1325 1962 dixi:

291 1984 422 2031 Domi,
461 1984 601 2031 [domi]
635 1995 706 2031 ego
735 1995 838 2031 sum,
872 1985 1042 2032 inquam:
1077 1986 1215 2031 ecquid
1240 1986 1376 2023 audis?
1407 1989 1446 2022 et
1470 1985 1572 2033 apud
1596 1989 1634 2023 te

1049 2045 1182 2082 adsum
1210 2045 1318 2083 Sosia
1342 2046 1454 2082 idem.
1484 2044 1501 2093 ΙΙ

293 2104 399 2142 Satin
425 2104 498 2142 hoc
523 2105 653 2151 plane,
684 2105 783 2142 satin
810 2104 970 2152 diserte,
997 2116 1071 2151 ere,
1097 2117 1198 2143 nunc
1222 2106 1355 2144 videor
1378 2106 1449 2143 tibi
1473 2113 1557 2143 esse
1582 2104 1634 2142 lo-

1046 2170 1157 2203 cutus
1183 2168 1250 2212 (Bz
1275 2168 1347 2204 loc.
1373 2169 1485 2212 esse).

241 2212 343 2249 Vah!
357 2213 369 2259 ]

256 2272 273 2319 ΙΙ
289 2284 410 2319 apage
435 2260 521 2309 te'a
547 2284 618 2310 me.
660 2274 810 2321 Ecquid
836 2277 892 2311 est
915 2275 1071 2322 negoti?
1108 2275 1231 2312 Pestis
1255 2279 1293 2312 te
1317 2277 1434 2311 tenet.

1044 2336 1140 2389 Nam
1166 2345 1233 2371 cur
1256 2335 1356 2372 istuc
1383 2333 1401 2382 ΙΙ

290 2391 424 2428 Dicis?
449 2392 624 2439 equidem
652 2394 758 2431 valeo
785 2398 889 2432 recte
913 2395 1143 2442 Amphitruo
1168 2399 1282 2442 atque
1308 2395 1422 2433 salvo’
1448 2406 1542 2432 sum.
1564 2394 1581 2442 ΙΙ

1329 2458 1450 2502 (trost.
1468 2457 1581 2503 sept.)

239 2522 320 2574 (B:
360 2523 480 2567 valeo
516 2527 559 2567 et
592 2537 625 2567 s.
661 2537 755 2568 sum
786 2528 903 2569 recte
935 2525 1040 2581 A.)‚
1080 2523 1280 2570 Pseudoli
1312 2529 1454 2570 autem
1486 2525 1630 2570 nescio

239 2615 295 2644 an
329 2602 390 2645 sic
423 2602 479 2645 sit
508 2602 733 2659 legendus:
