1848 3081
843 148 968 191 31.

182 282 363 330 quorum
399 281 601 312 versuum
637 267 684 311 in
724 268 960 325 posteriore
998 271 1043 312 et
1071 269 1230 326 procel.
1263 304 1284 326 „
1298 269 1522 316 Latebrico
1536 270 1558 293 “

181 350 359 393 vitiosus
392 349 471 402 est,
504 349 547 389 et
578 359 673 389 cum
705 345 932 401 indagator
961 347 1077 390 vocis
1107 348 1260 391 ultima
1292 349 1405 406 apud
1433 348 1560 393 Plau-

180 431 271 471 tum
304 424 462 482 corripi
490 428 688 481 nequeat,
721 424 935 481 spondeus
956 425 1001 467 in
1024 426 1206 481 septima
1227 427 1425 482 quadrati
1448 428 1559 471 sede.

180 503 290 557 Quid
322 502 429 546 mihi
462 501 633 558 quidem
666 502 718 546 de
749 501 829 546 hoc
859 501 952 545 loco
985 502 1259 552 statuendum
1292 518 1384 548 esse
1416 505 1560 548 videa-

177 585 262 637 tur,
295 580 378 624 alio
404 582 618 637 tempore,
651 593 747 623 cum
780 579 842 623 de.
864 579 959 623 aliis
981 580 1131 623 metris
1153 594 1293 637 agam,
1326 583 1561 625 communi-

177 659 295 704 cabo.
365 658 565 703 Ceterum
612 661 659 701 ut
689 656 867 702 Plautus
905 659 950 702 in
990 662 1112 703 sexta
1150 659 1329 716 senarii,
1378 660 1561 718 septima

177 736 373 795 quadrati
393 735 688 795 similibusque
706 736 878 782 sedibus
893 737 1109 781 interdum
1127 738 1301 782 brevem
1318 738 1526 796 syllabam
1542 757 1562 783 s

174 814 342 859 litterae
364 815 599 860 abiectione
622 814 773 872 effecit,
803 817 865 859 ita
885 816 993 859 nihil
1015 816 1170 872 obstat,
1197 818 1424 873 quominus
1445 818 1560 861 idem

173 894 219 938 in
251 893 436 938 secunda
467 894 612 937 bacch.
646 894 820 938 dimetri
852 893 952 937 sede
982 894 1135 938 fecisse
1167 894 1404 938 credamus.
1469 895 1561 947 Qua

174 972 225 1016 de
256 986 304 1015 re
333 972 370 1015 si
391 971 664 1016 Hermannus
686 972 1004 1030 et'Spengelius
1026 973 1335 1029 cogitaverunt,
1368 987 1465 1017 cum
1488 974 1560 1017 ille

171 1049 239 1094 El.
271 1063 314 1107 p.
337 1050 424 1095 288
458 1050 615 1109 Amph.
637 1050 689 1095 H.
717 1052 756 1102 1,
783 1051 839 1095 14
877 1050 989 1095 hunc
1026 1051 1171 1096 bacch.
1206 1051 1437 1096 dimetrum
1471 1056 1558 1096 sta-

172 1132 333 1173 tueret:
692 1170 908 1216 voluptatis
934 1169 1030 1216 cepi,

171 1217 229 1295 et·
245 1250 314 1294 hic
345 1249 424 1294 1.1.
456 1264 500 1307 p.
527 1251 581 1293 13
614 1249 998 1293 Menaechonorum
1029 1250 1170 1293 locum
1203 1252 1292 1294 974
1315 1265 1402 1307 sq.‚
1441 1255 1556 1295 recte

170 1332 218 1372 ut
247 1328 355 1372 mihi
387 1327 559 1384 quidem
589 1327 774 1384 videtur,
807 1328 868 1371 sic
901 1328 1125 1372 scriberet:

216 1415 395 1461 Verbera,
420 1414 632 1461 compedes,
658 1415 790 1461 molae,
847 1415 984 1462 Magna
1007 1415 1202 1461 lassitudo,
1261 1416 1406 1462 Fames,
1433 1415 1554 1463 frigus

168 1533 254 1574 non
284 1522 581 1578 peccaverunt.
967 1474 1101 1511 durum

260 1599 300 1643 2.
348 1597 520 1643 Primae
553 1597 727 1642 secundi
759 1597 921 1642 bacchii
956 1585 1065 1666 arsis
1095 1596 1142 1640 in
1174 1596 1355 1641 dimetro
1389 1596 1553 1642 solutae

167 1680 331 1721 certum
358 1677 618 1735 ,exemplum
658 1677 772 1735 apud
811 1669 1011 1721 Plautum
1050 1676 1243 1720 invenire
1283 1691 1369 1720 non
1407 1678 1551 1735 potui3

166 1769 267 1799 nam
288 1755 538 1800 Aululariae
558 1755 677 1799 locus
698 1755 751 1799 II.
773 1757 812 1799 1.
832 1756 905 1812 22,
927 1755 1002 1799 ubi
1021 1754 1295 1800 Hermannus
1317 1755 1384 1799 El.
1407 1769 1450 1813 p.
1464 1757 1551 1799 308

165 1833 295 1878 talem
328 1834 558 1879 dimetrum
590 1834 762 1878 statuit:

584 1910 683 1955 Quid
706 1911 765 1947 vis
790 1909 840 1946 da
864 1909 956 1946 mihi
982 1920 1133 1956 operam

163 1977 285 2023 libris
317 1979 495 2024 ducibus
528 1979 589 2024 sic
618 1979 763 2037 potius
794 1978 966 2022 videtur
997 1978 1245 2023 scribendus
1279 1991 1392 2021 esse:

262 2053 279 2102 ΙΙ
307 2055 366 2092 Da
392 2055 483 2091 mihi
508 2065 661 2101 operam
689 2055 817 2101 [tuam]
842 2054 987 2091 amabo.
1025 2054 1162 2091 Tuast:
1190 2055 1258 2098 (cr.
1276 2054 1392 2098 trim.)

307 2115 421 2153 Utere
446 2119 560 2162 atque
585 2115 729 2162 impera
753 2115 786 2152 si
811 2115 903 2162 quid
928 2114 997 2152 vis.
1028 2113 1047 2163 Η

210 2176 254 2213 Id
279 2177 381 2223 quod
405 2177 444 2213 in
470 2187 548 2213 rem
575 2179 676 2212 tuam
702 2178 897 2222 optumum
924 2186 1007 2213 esse
1033 2174 1203 2220 arbitror,
1231 2176 1298 2219 (cr.
1317 2176 1418 2220 tetr.)

379 2238 435 2275 Te
460 2237 500 2274 id
524 2236 758 2274 admonitum
784 2235 960 2274 advento.
990 2235 1008 2284 ΙΙ
1037 2235 1172 2282 (troch.
1189 2235 1279 2282 trip.
1296 2236 1368 2279 ac.)

164 2307 207 2348 et
237 2304 418 2351 Casinas
448 2321 598 2352 versus
630 2306 683 2350 ΙΙ.
710 2308 747 2349 1.
772 2307 813 2349 8.

572 2382 773 2430 Flagitium
799 2381 893 2418 illud
918 2380 1092 2427 hominis,
1122 2379 1138 2428 ΙΙ

162 2468 288 2511 quem
319 2456 499 2501 Bothius
540 2457 836 2502 antecedentes
868 2470 1018 2500 versus
1058 2455 1167 2499 falso
1198 2469 1276 2512 pro
1309 2453 1545 2499 bacchiacis

159 2532 319 2579 habens
353 2559 409 2565 ——
441 2535 521 2580 hoc
553 2535 666 2580 enim
698 2535 823 2579 modo
855 2534 1056 2578 videntur
1086 2533 1255 2590 legendi
1288 2546 1400 2578 esse:
