1848 3081
869 180 918 220 11

293 299 336 343 5.
377 297 522 342 Etiam
553 298 681 343 talem
713 298 1006 357 pyrrhichium
1040 298 1132 343 sine
1163 298 1291 343 dubio
1320 296 1498 342 Plautus
1518 299 1583 342 vi-

202 377 324 433 tavit,
357 376 525 433 qualem
556 377 602 421 in
633 377 797 422 baeehii
828 377 947 421 exitu
978 376 1043 420 Fl.
1066 376 1189 435 Gapt.
1211 378 1323 421 500:

249 454 333 500 Ego
347 452 429 490 heri
446 462 559 500 quom
576 454 651 491 emi
663 453 778 491 hosee
789 452 961 490 homines
972 452 1038 490 ubi
1051 452 1211 500 quisque
1224 451 1356 489 vident
1372 453 1442 500 [me
1457 451 1580 497 hodie]

203 525 246 567 et
275 521 384 565 Rud.
409 522 517 566 909:

394 598 661 644 Templis[que]
690 597 867 635 reducem
893 598 1066 644 pluruma
1090 597 1231 644 praeda
1255 600 1430 635 onustum

202 667 389 724 admisit,
420 680 602 725 quorum
633 666 825 711 locorum
856 667 979 711 illum
1003 666 1158 711 Vetere
1191 667 1296 711 duee
1330 667 1391 711 sie
1423 667 1582 711 scribo:

324 743 422 788 Quid
448 744 504 780 Est
528 743 681 781 suavius
706 754 818 790 quam
842 743 940 781 bene
966 754 1044 780 rem
1069 754 1207 790 genere
1233 745 1357 790 (anap.
1375 744 1480 788 dim.)

319 809 424 846 Bone
440 809 603 855 publicr»,
621 809 721 847 sieut
738 809 812 848 feei
829 820 900 857 ego
917 810 998 847 heri
1017 810 1081 855 (132
1099 820 1171 857 ego
1188 808 1213 846 f.
1228 809 1282 854 h.)
1296 810 1312 858 Η
1357 838 1374 857 „

319 874 439 918 Quom
464 876 538 912 emi
562 875 676 913 hosce
701 876 883 922 homines,
909 876 975 913 ubi
1000 876 1160 922 quisque
1184 876 1317 913 vident
1355 903 1374 923 „

416 939 518 978 Eunt
542 941 692 979 obviam
720 941 739 990 ΙΙ
765 942 1077 989 gratulanturque
1102 954 1184 980 eam
1210 953 1302 979 rem.
1329 941 1380 987 (b.
1399 945 1500 985 tetr.)

289 1008 496 1054 Rudentis
519 1024 691 1054 versum
723 1023 819 1054 eum
852 1011 1199 1059 antecedentibus
1224 1010 1325 1055 libri
1351 1011 1412 1055 sie
1433 1024 1583 1054 exara-

197 1092 289 1132 tum
320 1089 476 1133 habere
508 1089 727 1134 videntur:

365 1165 436 1209 Qui
462 1164 571 1202 salsis
595 1165 689 1202 loeis
714 1166 847 1203 ineolit
871 1166 1105 1212 pisculentis,

366 1231 486 1276 Quom
512 1242 572 1269 me
597 1243 645 1269 ex
669 1232 747 1270 suis
771 1233 865 1270 loeis
890 1232 1019 1279 pulcre
1044 1236 1216 1270 ornatum
1242 1233 1436 1279 expedivit

364 1297 532 1345 Templis
556 1298 731 1336 reducem
758 1300 932 1346 pluruma
956 1299 1096 1346 praeda
1120 1302 1309 1345 onustum,

197 1381 378 1424 quorum
399 1381 600 1412 versuum
631 1368 675 1412 in
707 1369 848 1413 medio
878 1369 949 1426 qui
974 1373 1023 1413 ut
1043 1370 1129 1412 iam
1151 1367 1392 1412 Gronovius
1417 1368 1577 1425 „loeis“

195 1460 274 1503 pro
308 1446 452 1503 spurio
484 1446 747 1503 habuerunt,
787 1448 848 1491 eis
879 1448 1020 1492 faeere
1051 1461 1137 1491 11011
1168 1461 1343 1505 possum
1377 1448 1478 1504 quin
1512 1462 1581 1492 as-

197 1525 370 1569 sentiar.
440 1524 548 1568 Nam
600 1530 642 1573 et
688 1539 785 1569 eum
825 1526 951 1570 modo
991 1527 1043 1570 de
1084 1526 1207 1570 salsis
1245 1526 1434 1584 Neptuni
1475 1526 1580 1571 loeis

197 1596 336 1648 sermo
367 1604 512 1659 fuerit,
545 1604 682 1648 denuo
716 1605 808 1648 eius
838 1605 954 1649 locos
979 1606 1129 1649 inferri
1151 1606 1256 1649 satis
1278 1606 1475 1662 putidum
1498 1610 1579 1662 est,

197 1686 240 1727 et
261 1682 298 1727 si
322 1680 481 1739 „loeis“
506 1682 612 1727 illud
643 1683 730 1727 iam
758 1683 839 1728 hae
861 1684 913 1728 de
935 1697 1064 1729 eausa
1086 1687 1332 1742 suspectum
1353 1685 1581 1741 omittitur‚

197 1763 331 1806 oratio
364 1761 568 1818 alioquin,
601 1765 649 1805 ut
679 1763 726 1805 in
751 1762 872 1806 libris
895 1767 975 1819 est,
1008 1764 1163 1807 vitiosa
1185 1764 1346 1820 optime
1367 1763 1581 1820 proeedit3

195 1841 337 1899 potuit
367 1842 511 1884 autem
542 1840 744 1884 facillime
777 1855 830 1885 ex
861 1842 1059 1898 proximo
1091 1842 1137 1885 in
1168 1842 1281 1886 hune
1311 1856 1481 1886 versum
1514 1843 1581 1885 in-

196 1933 369 1977 repere,
418 1919 606 1963 alieuius.
643 1919 810 1964 librarii
850 1920 983 1964 oeulis
1023 1922 1067 1964 in
1105 1921 1226 1964 illum
1268 1921 1581 1976 aberrantibus,

194 1998 268 2043 ubi
304 1995 497 2055 „salsis“
531 1999 648 2043 vocis
680 1998 832 2043 ultima
867 1998 1022 2055 „suis“
1054 2000 1149 2044 voei
1182 1983 1400 2045 simillima
1432 1999 1582 2044 eodem

194 2078 285 2122 fere
331 2078 423 2122 1060
471 2081 569 2121 stat.
639 2078 787 2136 Itaque
826 2079 906 2122 hoe
944 2080 1086 2137 potius
1124 2080 1251 2123 modo
1291 2079 1404 2123 1111116
1440 2079 1582 2124 locum

196 2157 380 2202 scribam
389 2175 399 2200 ε

315 2233 436 2277 Quom
461 2243 521 2270 me
547 2242 594 2271 ex
619 2232 697 2270 suis
721 2233 894 2279 pulcrum
921 2238 1092 2272 ornatum
1118 2235 1315 2281 expedivit

342 2291 346 2304 '
797 2294 924 2340 (iamb.
948 2295 1034 2342 trip.
1061 2299 1132 2332 eat.
1158 2307 1243 2332 eum
1268 2295 1398 2333 baeeh.
1425 2295 1531 2341 dim.)

316 2354 484 2400 Templis
508 2355 711 2392 reddueem
736 2355 909 2401 pluruma
932 2356 1073 2401 praeda
1098 2360 1275 2393 onustum
1301 2357 1350 2401 (b.
1370 2359 1490 2400 tetr.):

198 2422 461 2479 „reddueem
474 2421 514 2481 “,
554 2425 673 2469 euius
706 2423 898 2470 vocabuli
938 2423 1125 2481 primam
1164 2425 1250 2468 iam
1282 2424 1459 2468 Bothius
1501 2424 1581 2469 1106

195 2501 287 2545 1060
318 2503 571 2559 productam
592 2504 743 2560 voluit,
777 2503 944 2560 scripsi,
977 2503 1089 2558 quod
1118 2516 1204 2546 11011
1225 2503 1364 2559 vide0,
1396 2516 1473 2546 eur
1494 2517 1580 2547 11011

195 2578 388 2639 Plautus,
405 2584 453 2626 ut
470 2595 639 2642 semper
653 2582 883 2628 reducendi
900 2582 1020 2627 verbi
1036 2581 1221 2640 primam
1238 2582 1330 2626 sine
1347 2581 1476 2628 dubio
1493 2581 1576 2641 „d“
