1848 3081
923 178 951 221 6

239 299 365 343 datae
395 299 555 356 pagina
585 298 735 355 quinta
766 298 900 354 dixit,
933 298 1137 342 utendam
1168 298 1386 356 permisit3
1422 297 1631 342 Rudentis

238 378 511 422 collationem
553 378 690 422 amico
731 377 1101 434 commodaverat,
1142 390 1227 434 qua
1258 377 1311 421 de
1342 377 1492 433 causa,
1533 390 1630 421 cum

238 455 350 500 hanc
385 456 576 500 fabulam
616 456 843 512 neglegere
873 455 1055 513 nollem,
1093 456 1220 500 unius
1251 454 1378 500 Parei
1408 456 1492 501 fide
1523 455 1628 500 mihi

238 535 464 579 nitendum
498 539 604 580 erat.
667 534 748 587 His
780 535 915 592 copiis
948 534 1003 578 ad
1034 535 1201 592 cantica
1229 533 1431 579 Plautina
1460 538 1629 594 pertra-

239 614 396 659 ctanda
434 629 521 659 non
551 629 706 673 parum
737 615 974 660 instructus
1006 616 1113 660 mihi
1144 616 1263 660 visus
1295 628 1412 668 sum3
1452 628 1553 659 nam
1585 615 1630 659 in

238 693 527 739 Ambrosiano
551 694 724 751 quidem
744 696 794 737 ut
816 707 870 738 ex
891 694 1224 753 Amphitruone,
1246 694 1464 751 Asinaria,
1493 693 1631 738 Aulu-

238 773 363 829 laria,
396 772 652 817 Curculione
683 772 793 816 nihil
825 777 1043 817 servatum
1077 777 1157 829 est,
1188 773 1251 817 ita
1283 786 1336 816 ex
1368 773 1631 831 reliquarum

237 855 411 909 praeter
443 851 644 896 Casinam
684 851 928 896 fabularum
969 852 1147 896 canticis
1187 864 1325 909 pauca
1355 855 1524 895 tantum
1557 865 1631 895 ex-

239 933 355 974 stare
388 944 442 974 ex
464 929 672 988 Gepperti
703 930 756 974 de
788 929 933 975 codice
953 929 1241 975 Ambrosiano
1269 929 1414 975 libello
1437 933 1629 988 apparet.
1664 940 1669 945 ·

237 1008 307 1053 Ex
328 1008 610 1067 Captivorum
642 1010 758 1054 enim
789 1010 968 1053 canticis
1000 1010 1046 1053 in
1078 1010 1158 1054 hoc
1186 1009 1332 1053 codice
1352 1012 1520 1052 tantum
1540 1008 1631 1052 ini-

239 1088 349 1131 tium
381 1100 535 1132 scenae
555 1087 607 1131 V.
631 1090 668 1131 1.
702 1090 919 1132 servatum
943 1091 1024 1145 est,
1057 1102 1111 1132 ex
1132 1086 1401 1131 Cistellariae
1423 1086 1546 1144 nihil,
1578 1100 1632 1131 ex

237 1166 409 1224 Epidici
440 1165 493 1210 Π.
522 1170 559 1211 1.
587 1168 608 1210 1
635 1189 687 1198 -
714 1166 767 1211 Π.
791 1169 833 1212 2.
857 1169 899 1212 2.
931 1166 1005 1211 IV.
1033 1170 1080 1225 1,
1120 1180 1173 1211 ex
1190 1165 1385 1212 ‚Poenuli
1404 1165 1458 1210 V.
1484 1167 1536 1222 4,
1577 1180 1633 1210 ex

237 1245 447 1290 Rudentis
468 1245 502 1290 Ι.
526 1248 568 1290 3.
592 1247 651 1290 35
670 1270 718 1276 —
744 1245 778 1290 I.
801 1247 844 1290 4.
871 1248 943 1303 10,
975 1260 1030 1291 ex
1052 1245 1301 1291 Truculenti
1318 1245 1356 1290 I.
1373 1245 1416 1290 2.
1438 1245 1630 1290 15—45.

238 1324 290 1368 Π.
317 1327 366 1381 1,
398 1328 444 1368 at
477 1339 530 1369 ex
562 1324 744 1369 Casinas
773 1325 826 1368 Π.
854 1327 892 1369 1.
921 1327 939 1368 1
973 1349 1030 1356 —
1054 1325 1107 1369 11.
1131 1327 1173 1370 2.
1201 1326 1269 1369 18.
1311 1323 1385 1370 ΠΙ.
1408 1325 1452 1368 5.
1492 1323 1564 1367 III.
1589 1326 1631 1368 6.

237 1402 310 1448 IV.
334 1405 376 1448 3.
415 1402 488 1448 IV.
511 1405 555 1448 4.
594 1402 647 1447 V.
679 1406 714 1448 l.
755 1403 808 1448 V.
833 1405 874 1449 2.
900 1405 1058 1462 1—9,
1099 1405 1172 1463 qui
1210 1404 1294 1448 loci
1335 1403 1547 1461 quomodo
1587 1404 1633 1447 in

237 1483 525 1527 Ambrosiano
557 1482 771 1539 legantur,
805 1496 1066 1540 quamquam
1096 1496 1196 1527 raro
1226 1479 1513 1526 mihi'notum
1533 1482 1630 1539 fuit,

238 1565 383 1606 tamen
415 1560 545 1620 plane
575 1575 648 1607 eos
677 1561 906 1619 neglegere
932 1562 1067 1620 nolui,
1100 1562 1176 1607 sed
1198 1561 1338 1620 quoad
1358 1560 1529 1606 Veteris
1551 1576 1631 1619 ope

236 1639 331 1685 fieri
363 1644 522 1698 potest,
554 1641 783 1685 restituere
815 1645 992 1686 conatus
1026 1654 1137 1685 sum.

330 1718 438 1764 Volo
471 1723 617 1764 autem
647 1734 762 1765 nunc
794 1720 967 1777 quidem
999 1721 1052 1765 de
1078 1719 1315 1765 bacchiacis
1336 1719 1532 1763 versibus
1558 1734 1632 1763 ex-

238 1810 421 1855 ponere,
465 1811 548 1854 quo
582 1810 782 1842 versuum
815 1810 972 1854 genere
1002 1797 1182 1842 Plautus
1212 1797 1259 1840 in
1292 1796 1468 1841 canticis
1502 1797 1631 1841 etiam

240 1876 411 1934 saepius
444 1889 575 1933 quam
608 1877 779 1923 creticis
810 1892 914 1921 usus
945 1880 1033 1934 est,
1069 1878 1182 1922 mox'
1203 1878 1256 1922 de
1286 1876 1464 1934 reliquis
1497 1876 1633 1920 canti-

237 1968 385 1999 corum
425 1955 577 2000 metris
619 1956 715 2014 pari
754 1956 881 2000 modo
921 1956 1233 2015 disputaturus.
1293 1956 1497 2001 Numeris
1534 1958 1633 1999 utar

238 2035 284 2077 in
314 2034 421 2078 locis
453 2033 681 2079 afferendis
714 2035 950 2080 editionum
977 2035 1216 2093 Ritschelii,
1248 2034 1531 2091 Fleckeiseni,
1563 2047 1631 2078 se-

237 2112 401 2156 cundae
431 2111 570 2157 Parei.

923 2251 957 2308 l.

338 2350 377 2391 1.
409 2346 533 2398 Quod
553 2347 607 2391 de
630 2348 800 2392 creticis
816 2348 1010 2393 versibus
1032 2351 1148 2393 recte
1166 2334 1408 2393 observavit
1421 2349 1475 2393 A.
1494 2349 1632 2407 Spen-

240 2425 378 2482 gelius
410 2425 440 2470 1.
466 2425 495 2469 1.
528 2439 572 2483 p.
595 2426 672 2481 14,
710 2426 872 2471 nullam
903 2430 1066 2471 certam
1108 2427 1241 2471 animi
1273 2426 1540 2472 affectionem
1571 2429 1633 2473 eis

239 2504 355 2562 apud
374 2503 578 2548 Plautum
612 2503 801 2561 depingi,
832 2503 946 2548 idem
968 2504 1022 2549 de
1043 2504 1281 2550 bacchiacis
1303 2506 1532 2551 dicendum
1552 2509 1631 2551 est.

236 2581 402 2627 Eadem
442 2595 512 2627 res
550 2585 616 2627 est
654 2582 708 2626 de
738 2581 923 2628 licentiis
960 2583 1245 2641 prosodiacis:
1296 2588 1345 2629 ut
1375 2585 1421 2629 in
1452 2586 1632 2631 creticos
