1848 3081
824 129 878 172 15

159 253 299 297 forma
327 262 412 308 pror
441 249 507 305 „si
537 246 692 293 voltis“
726 261 823 292 cum
854 248 1099 293 Hermanno
1132 223 1218 303 (El.
1241 264 1284 308 p.
1303 251 1409 305 304)
1443 250 1542 295 sub-

160 331 311 377 stituta
340 331 390 373 ut
419 328 564 373 bacch.
596 327 837 372 tetrametri
869 327 931 371 sic
961 328 1048 371 sint
1080 329 1312 373 scribendi:

350 404 493 443 Verum
518 404 629 442 sultis
651 402 879 452 adplaudere
903 406 1017 450 atque
1041 404 1248 451 adprobare
1272 405 1375 443 hunc

351 471 515 528 Grsgem
539 473 579 508 et
603 469 768 507 fabulam
792 469 833 505 in
858 469 1063 507 crastinum
1087 481 1156 508 vos
1180 471 1335 509 vocabo.

247 541 392 587 Etiam
424 542 498 599 qui
529 538 788 595 antecedunt
808 550 957 582 versus
988 551 1074 582 non
1105 542 1219 583 recte
1242 539 1291 583 R.
1324 540 1541 595 tractavit,

157 634 264 678 quos
301 620 382 665 hac
418 620 508 664 fere
545 618 713 662 ratione
750 616 952 673 legendos
988 630 1081 661 csse
1112 617 1211 662 libri
1243 618 1444 663 videntur
1474 618 1541 661 in—

158 699 322 744 dicare:
358 699 490 743 1329.

204 774 246 812 Si
270 775 315 822 is,
339 777 406 812 aut
429 773 627 811 dimidium
647 775 718 815 >aui:
741 772 829 819 plus
854 771 968 809 etiam
993 770 1080 809 faxo
1106 771 1195 809 hinc
1220 771 1329 810 feriis.
1367 773 1440 811 Eo:
1467 773 1541 810 duc

957 848 1016 875 me
1042 848 1117 885 quo
1142 838 1201 875 vis
1226 841 1349 886 (anap.
1367 841 1457 884 oct.)

253 905 352 951 Quid
377 917 494 944 nunc:
520 917 610 943 num
637 905 730 952 quid
754 904 872 942 iratus
897 915 938 942 cs
963 908 1030 942 aut
1054 904 1146 942 mihi

938 972 999 1016 (tr.
1015 971 1103 1018 trip.
1121 982 1155 1008 c.
1173 982 1259 1008 cum
1277 975 1366 1009 oret.
1386 972 1493 1019 dim.)

299 1040 459 1086 Propter
481 1039 550 1077 has
575 1050 635 1076 res
661 1038 763 1076 Simo
789 1041 855 1075 aut
877 1037 956 1076 filio
982 1040 1089 1083 (oret.
1104 1039 1251 1083 trim.)‘?

203 1105 265 1142 Nil
279 1105 463 1151 profecto.
490 1106 507 1141 Ι
523 1105 595 1142 hae
615 1105 801 1152 {mecum}
832 1104 889 1141 Te
905 1114 1060 1151 sequor:
1087 1105 1179 1150 quin
1191 1115 1306 1142 vocas
1321 1107 1539 1150 (crentetr.)

204 1169 444 1217 Spectatores
468 1171 608 1208 simul?
648 1170 785 1207 Hercle
809 1180 869 1206 me
893 1169 957 1206 isti
981 1169 1083 1206 haud.
1106 1170 1230 1207 solent

252 1237 399 1275 Vocare
424 1248 548 1284 neque
573 1248 664 1285 ergo
689 1247 761 1283 ego
783 1238 879 1273 Ystos
903 1235 1025 1282 [voco]
1052 1236 1091 1281 (i.
1109 1236 1199 1273 dim.
1218 1238 1293 1282 an.)

158 1305 380 1362 „mccum“
415 1306 461 1349 in
485 1320 613 1350 versu
641 1307 755 1348 1332
788 1305 966 1360 inseruj,
998 1305 1112 1361 quod
1141 1305 1247 1348 haec
1270 1306 1313 1360 „i
1342 1306 1421 1349 hac
1450 1321 1540 1351 mc—

154 1382 278 1430 cum“
312 1384 497 1430 formula
528 1384 644 1443 apud
668 1382 866 1428 Plautum
901 1386 987 1428 est:
1020 1383 1073 1427 cf.
1094 1381 1226 1429 Mcrc.
1250 1385 1352 1429 689.
1386 1384 1537 1430 Bacch.

157 1464 287 1507 1175.
314 1464 443 1507 1181.
476 1462 589 1507 Men.
611 1462 715 1506 405.
748 1461 866 1504 Trin.
888 1462 991 1505 577.
1016 1463 1116 1505 710.

817 1661 872 1718 11.

243 1800 361 1846 Haec
393 1800 445 1846 de
476 1800 713 1846 bacchiacis
733 1801 928 1845 versibus
949 1794 1206 1856 gencrnliter
1227 1801 1356 1847 habui
1378 1802 1531 1847 dicere.

154 1880 342 1925 Transeo
381 1881 470 1924 iam
507 1880 562 1924 ad
600 1880 789 1935 singulas
827 1893 974 1924 eorum
1007 1881 1192 1937 specics,
1233 1884 1360 1937 atque
1392 1882 1533 1939 primo

150 1958 266 2016 loco,
296 1962 346 2003 ut
375 1972 457 2017 par
487 1962 574 2015 est,
606 1971 730 2014 agam
763 1958 815 2002 de
846 1959 1097 2014 acatalectis‚
1130 1972 1310 2016 quorum
1343 1973 1369 2003 a
1400 1963 1534 2004 tetra-

150 2041 288 2083 metro
313 2042 369 2092 ‚ut
398 2038 744 2095 frequentissimo
775 2038 946 2082 initium
976 2038 1146 2082 faciam.

467 2200 505 2241 1.
555 2196 643 2241 De—
661 2203 929 2242 tetrametro
963 2197 1118 2242 bacch.
1148 2214 1217 2242 ac.

243 2302 381 2350 Huius
413 2307 541 2352 metri
571 2305 820 2365 principalis
852 2305 923 2351 lex
955 2307 1069 2365 apud
1089 2306 1290 2352 Plautum
1323 2305 1426 2352 haec
1451 2311 1530 2365 est,

148 2387 198 2428 ut
228 2397 361 2428 unum
392 2385 617 2430 minimum
650 2399 806 2444 purum
837 2385 1075 2443 bacchium,
1113 2400 1139 2429 a
1170 2400 1253 2443 quo
1284 2390 1428 2429 tamen
1461 2400 1529 2430 so-

147 2461 332 2508 lutiones
363 2478 448 2508 non
480 2465 654 2509 omnino
687 2465 850 2509 alienae
883 2468 983 2508 sunt
1014 2464 1084 2519 (cf.
1117 2464 1245 2510 Poen.
1273 2467 1310 2508 1.
1335 2466 1377 2509 2.
1399 2465 1473 2510 45.

310 2539 476 2587 Dignum
502 2540 641 2578 Veneri
665 2541 741 2588 pol,
765 2540 855 2587 quoi
879 2543 969 2577 sunt
992 2539 1221 2586 Aphrodisia
1244 2539 1383 2587 hodie),
