1848 3081
729 653 1082 719 VITA.

215 902 349 963 Natus
379 936 463 965 sum
488 925 601 973 Aug.
628 926 771 965 Oscar
794 924 1012 974 Seyffert
1036 925 1240 972 Orossnae,
1274 925 1461 963 Marchiae
1489 927 1593 973 urbe,

214 1002 313 1032 anno
332 992 424 1030 1841
451 1003 485 1033 a.
503 991 540 1030 d.
557 992 594 1029 X
610 992 696 1033 Kal,
713 992 821 1030 Febr.
847 995 954 1042 patre
971 991 1208 1040 Augusto,
1236 996 1352 1030 matre
1370 993 1594 1030 Mathilda

214 1069 236 1095 e
260 1061 374 1105 gente
398 1058 724 1105 Leipoldiana,
750 1069 845 1106 quos
870 1059 961 1096 mihi
987 1079 1031 1086 —
1056 1058 1161 1096 illum
1187 1062 1285 1104 octo,
1311 1058 1411 1096 hunc
1436 1059 1592 1106 quinde-

214 1124 289 1161 cim
312 1135 431 1162 annos
455 1128 543 1162 nato
572 1146 612 1152 —
640 1128 759 1162 morte
783 1125 980 1172 ademptos
1003 1125 1129 1172 lugeo.
1179 1125 1286 1162 Fidei
1311 1125 1485 1162 addictus
1510 1136 1592 1162 sum

214 1190 467 1237 evangelicae.
514 1191 651 1227 Primis
674 1190 882 1228 litterarum
908 1191 1104 1227 elementis
1128 1190 1229 1227 domi
1254 1190 1422 1228 imbutus
1446 1202 1481 1227 a.
1500 1192 1595 1227 1855

213 1256 313 1296 inter
343 1256 516 1296 alumnos
548 1255 763 1296 [oachimici
795 1256 983 1304 gymnasii
1010 1255 1264 1294 Berolinensis
1295 1259 1469 1302 receptus
1499 1267 1594 1302 sum,

213 1322 280 1359 ubi
310 1322 564 1359 Meineckii
595 1326 634 1359 et
658 1320 941 1368 Kiel'slingii
972 1321 1151 1367 auspiciis
1179 1331 1249 1370 per
1280 1322 1447 1369 quinque
1477 1333 1595 1359 annos

213 1388 617 1436 praestantissimorum
643 1391 929 1435 praeceptorum
954 1387 1153 1434 disciplina
1169 1391 1208 1424 et
1223 1387 1488 1424 benevolentia
1504 1398 1596 1425 usus

213 1464 309 1492 sum.
351 1454 463 1491 Anno
491 1454 585 1491 1850
617 1453 843 1491 maturitatis
866 1453 967 1500 quod
992 1452 1125 1490 dicunt
1148 1453 1364 1490 testimonio
1388 1453 1595 1490 instructus

212 1520 469 1558 univemitatis
484 1520 697 1557 Fridericae
715 1519 923 1557 Guilelmae
940 1519 1195 1556 Berolinensis
1215 1519 1363 1555 civibus
1378 1519 1593 1564 adscriptus

213 1597 313 1632 sum,
342 1589 385 1623 ut
408 1585 638 1635 philologiae
659 1586 798 1624 studiis
823 1595 975 1632 operam
999 1584 1138 1624 darem.
1189 1580 1248 1622 Ibi
1272 1595 1341 1631 per
1365 1588 1511 1631 septem
1537 1596 1593 1622 se-

213 1652 365 1690 mestria
396 1663 516 1700 usque
548 1653 596 1690 ad
629 1652 701 1691 hoc
733 1655 883 1700 tempus
908 1655 1158 1690 commoratus
1182 1650 1330 1689 scholas
1354 1650 1594 1698 frequentavi

212 1718 412 1765 Boeckhii,
442 1719 616 1766 Hauptii,
647 1718 900 1766 Mommsenii‚
926 1716 1215 1764 Muellenhoffii,
1240 1717 1593 1764 Trendelenburgii‚

212 1784 416 1822 Huebneri.
465 1785 537 1822 Per
560 1785 632 1822 tria
656 1783 851 1822 semestris
874 1783 1059 1821 Boeckhii
1083 1787 1122 1821 et
1147 1783 1304 1830 Hauptii
1329 1783 1594 1820 benevolentia

212 1851 402 1889 seminarii
427 1851 528 1897 quod
554 1850 795 1888 moderantur
819 1850 958 1887 sodalis
983 1849 1039 1886 fui
1064 1849 1288 1887 ordinarius.
1333 1849 1478 1893 Quibus
1503 1850 1594 1886 viris

212 1917 386 1956 omnibus
410 1920 590 1963 quantum
616 1917 785 1963 debeam,
810 1927 960 1963 semper
984 1926 1127 1953 memor
1150 1926 1227 1952 ero.
