1848 3081
926 162 984 207 42

257 285 373 327 recte
393 283 633 328 nominavit
653 282 913 342 compositos
935 296 988 328 ex
1009 283 1050 328 b.
1069 282 1252 328 dimetro
1274 287 1317 328 et
1339 283 1465 329 iamb.
1487 283 1645 342 hyper-

257 361 520 405 catalectico.
588 361 648 405 Ut
685 364 829 405 autem
873 362 919 405 in
959 361 1203 405 huiusmodi
1240 361 1413 406 creticis
1451 361 1644 406 versibus

256 443 360 484 oret.
379 439 561 484 dimeter
573 439 788 484 trochaico
805 438 897 484 colo
919 443 963 484 ct
982 438 1276 504 praemittitur
1291 442 1334 484 et
1355 440 1645 498 postponitur,

256 518 420 576 pariter
465 518 512 561 in
560 517 707 562 bacch.
741 518 935 563 versibus
974 518 1120 563 bacch.
1153 517 1335 563 dimeter
1371 515 1502 563 iamb.
1535 515 1644 574 colo,

257 611 519 654 quamquam
550 596 631 641 hoc
650 596 724 640 illo
745 598 888 641 rarius
908 596 971 641 fit.
1018 596 1186 642 Deinde
1208 597 1338 641 etiam
1359 597 1405 641 in
1426 597 1507 641 hac
1527 610 1644 641 com—

254 675 469 733 positione
500 674 645 719 bacch.
673 674 855 719 dimeter
884 675 931 719 in
964 675 1197 720 secundum
1229 674 1383 734 pedem
1413 686 1493 733 pro
1525 674 1644 719 brevi

255 753 428 808 longam
461 753 638 810 eiusque
670 752 927 798 solutionem
957 768 1044 798 non
1076 754 1290 809 admittit,
1321 753 1486 811 pariter
1516 755 1644 809 atque

255 833 359 874 cret.
376 830 573 887 dimeter,
595 831 640 874 id
662 830 776 888 quod
796 834 840 875 et
854 831 1135 876 Ritschelium
1157 836 1200 875 et
1220 830 1499 890 Spengelium
1518 830 1643 887 fugit.

254 908 450 952 Fallatur
479 909 637 966 igitur,
679 910 716 953 si
756 909 852 966 quis
891 909 970 954 hos
1000 923 1151 955 versus
1184 910 1230 955 in
1259 909 1434 955 illorum
1464 922 1643 956 numero

255 986 412 1032 habere
443 986 568 1032 velit:

285 1066 446 1124 Amph.
470 1067 573 1110 651.
692 1069 819 1107 Patria
844 1074 882 1108 ct
906 1071 1080 1118 prognati
1104 1073 1277 1108 tutantur
1300 1073 1499 1108 servantur

285 1186 408 1244 Capt.
431 1187 535 1230 506.
692 1190 861 1227 Tandem
886 1190 963 1228 abii
987 1190 1037 1228 sd
1060 1193 1291 1237 praetorem:
1316 1132 1385 1228 ibsi‘³
1386 1128 1642 1237 {1³12an

1331 1249 1396 1295 (cf.
1421 1250 1470 1287 11.
1490 1251 1523 1287 1.
1541 1250 1593 1295 3.)

284 1305 381 1350 CaS.
398 1304 473 1350 IH.
490 1305 533 1351 5.
553 1306 624 1350 24.
688 1309 771 1346 Tua
796 1309 933 1347 ancilla
956 1309 1030 1347 hoc
1054 1312 1166 1357 pacto
1191 1309 1355 1347 exordiri
1379 1310 1506 1357 coepit
1531 1309 1612 1355 (ib.)

282 1366 395 1411 Men.
417 1368 518 1411 771.
688 1370 770 1408 Nisi
795 1373 861 1408 aut
884 1369 975 1417 quid
1001 1369 1190 1408 commissi
1213 1370 1219 1419 1
1242 1373 1309 1408 aut
1331 1369 1470 1418 iurgist
1493 1378 1607 1408 causa

1214 1432 1300 1475 (scr.
1325 1434 1393 1467 aut
1415 1433 1476 1468 est
1499 1430 1524 1467 i.
1542 1432 1591 1474 c.)

284 1486 412 1536 Most.
435 1488 540 1532 317.
564 1488 606 1532 8.
689 1490 799 1527 Nunc
824 1490 1104 1528 commissatum
1130 1490 1213 1539 ibo!
1231 1491 1281 1528 ad
1305 1489 1618 1529 Philolachetem:

691 1549 765 1587 Ubi
789 1560 858 1587 nos
883 1549 992 1587 hilari
1017 1548 1171 1597 ingenio
1197 1554 1236 1588 et
1259 1550 1384 1597 lepide
1408 1549 1570 1596 accipiet

1332 1607 1396 1654 (of.
1419 1610 1469 1647 11.
1489 1609 1521 1646 1.
1541 1607 1591 1656 1.)

282 1667 438 1713 Pseud.
465 1668 597 1712 1253.
688 1668 764 1709 Sed
789 1673 989 1717 postquam
1016 1671 1210 1708 exsurrexi
1235 1674 1345 1708 orant
1368 1681 1428 1708 me
1452 1670 1493 1708 id
1510 1673 1556 1708 ut
1568 1667 1641 1708 sul·

1200 1735 1289 1768 tem.
1316 1731 1398 1777 (ib.)

280 1787 411 1834 Poen.
433 1788 466 1833 I.
490 1790 533 1833 2.
556 1790 598 1833 5.
682 1792 816 1838 Neque
842 1802 1020 1838 umquam
1045 1792 1137 1828 satis
1162 1791 1233 1829 hae
1256 1791 1353 1829 duae
1371 1802 1431 1828 res
1448 1793 1640 1829 ornantur.

1274 1852 1359 1897 (ser.
1384 1854 1443 1888 sat
1467 1851 1590 1896 istae.)

279 1909 389 1954 Rud.
408 1909 441 1954 I,
459 1911 502 1956 3,
521 1910 656 1954 3—4,
687 1911 770 1948 Hoc
802 1910 874 1948 deo
906 1911 1210 1958 complacitumst
1241 1922 1301 1949 me
1326 1910 1399 1950 hoc
1424 1913 1558 1950 ornatu
1582 1921 1639 1948 or-

1200 1974 1327 2009 natam

690 2032 733 2069 In
759 2031 923 2070 incertas
947 2032 1122 2080 regiones
1146 2029 1316 2070 timidam
1342 2030 1514 2070 eiectam.

395 2092 495 2145 (Ser.
685 2094 768 2131 Hoc
792 2093 865 2131 deo
890 2092 1203 2139 complacitumst,
1229 2103 1289 2130 me
1314 2093 1436 2139 hoe1e]

1291 2153 1417 2199 (anap.
1433 2151 1522 2188 dim.
1540 2152 1590 2196 c.)

688 2214 831 2252 Ornatu
856 2215 1024 2250 ornatam
1040 2212 1059 2259 ΙΙ
1074 2212 1113 2249 in
1136 2214 1313 2249 incertas.
1340 2206 1345 2211 ’

687 2272 878 2321 Regiones
902 2271 1072 2309 timidam
1097 2269 1285 2315 eiectam.)
1301 2271 1321 2317 ΙΙ

279 2331 388 2375 Rud.
411 2331 464 2375 II.
485 2331 525 2375 7.
550 2331 590 2375 9.
682 2333 798 2380 Apud
821 2332 919 2370 vos?
943 2343 1030 2369 nam
1056 2341 1116 2368 me
1141 2330 1174 2368 si
1199 2329 1316 2368 sciam
1341 2329 1478 2369 fecisse

688 2394 768 2432 Aut
784 2393 953 2442 parentis
965 2393 1124 2431 sceleste
1137 2392 1261 2430 minus
1273 2402 1333 2429 me
1343 2391 1509 2429 miseret.
1529 2391 1637 2435 (eret.

853 2457 940 2491 tctr.
950 2466 971 2507 3.
979 2454 1035 2491 sic
1046 2453 1091 2489 Β.
1105 2453 1223 2490 Pareo
1235 2455 1353 2500 testc3
1370 2451 1419 2489 cf.
1433 2451 1483 2489 11.
1491 2451 1586 2496 3.4.)

281 2511 405 2558 True.
428 2512 482 2558 II.
503 2514 543 2557 7.
567 2514 610 2557 3.
690 2516 783 2554 Nam
809 2515 882 2553 hoc
906 2514 972 2561 qui
997 2513 1132 2560 sciam,
1162 2524 1210 2551 ne
1235 2513 1321 2560 quis
1345 2509 1385 2550 id
1410 2512 1566 2559 quaerfit
1589 2519 1637 2549 ex

875 2585 934 2613 me
960 2577 1046 2621 (scr.
1071 2575 1157 2624 quis
1180 2577 1338 2623 quaerut
1361 2573 1401 2611 id
1426 2581 1474 2610 ex
1499 2573 1587 2618 me).
