1848 3081
214 972 401 1047 Mureti
437 997 567 1055 illud,
606 997 661 1042 ad
692 996 893 1042 Plautum
930 996 1244 1042 emendandum
1276 1009 1424 1041 omnes
1456 996 1600 1041 omnia

213 1078 406 1123 confer-re
437 1077 607 1134 debere,
639 1077 675 1121 si
707 1077 761 1121 de
792 1077 936 1134 aliqua
966 1075 1191 1121 Plautinae
1222 1076 1364 1134 poesis
1397 1078 1521 1133 parte
1546 1075 1599 1119 de

213 1156 390 1201 canticis
414 1156 549 1211 valet,
574 1156 734 1213 quippe
765 1156 811 1200 in
843 1155 996 1211 quibus
1028 1154 1305 1200 restituendis
1338 1154 1393 1198 ad
1425 1157 1598 1198 senten-

212 1236 299 1279 tiae
337 1248 392 1278 ex
428 1234 584 1279 vitiosa
621 1233 830 1279 librorum
870 1233 1084 1292 scriptura
1123 1232 1375 1277 reficiendae
1413 1231 1597 1278 difficul-

212 1317 346 1358 tatem
377 1313 491 1357 haud
520 1325 656 1370 parva
686 1312 850 1357 accedit
869 1313 996 1356 metri
1017 1311 1310 1368 cognoscendi.
1359 1309 1489 1356 Nulla
1511 1311 1597 1355 alia

213 1395 356 1436 autem
396 1406 444 1436 re
482 1391 745 1448 canticorum
782 1391 998 1435 restitutio
1034 1391 1172 1446 magis
1204 1390 1417 1434 adiuvari·
1438 1393 1596 1448 potest,

213 1484 341 1528 quam
371 1473 421 1515 ut
451 1468 503 1514 de
534 1465 799 1526 singulorum
830 1473 1090 1528 metrorum,
1123 1484 1231 1528 quae
1261 1468 1441 1514 Plautus
1473 1468 1595 1513 adhi—

211 1550 328 1606 buit,
366 1545 532 1606 legibus
563 1553 691 1607 atque
723 1563 805 1594 usu
836 1563 964 1607 quam
997 1550 1317 1594 accuratissime
1348 1552 1593 1606 quaeratur.

212 1629 359 1681 Qualis
392 1628 653 1685 quaestionis
678 1615 800 1673 ‘liaud
840 1629 1028 1683 ignobile
1059 1629 1304 1686 exemplum
1328 1641 1473 1685 nuper
1503 1628 1595 1671 An-

211 1707 336 1751 dreas
375 1706 629 1765 Spengelius
669 1707 969 1752 dissertatione
1008 1708 1060 1752 de
1098 1721 1303 1752 versuum
1340 1706 1596 1751 ereticorum

210 1800 292 1830 usu
311 1784 511 1830 Plautino
533 1786 774 1843 conscripta
794 1785 927 1843 dedit,
960 1800 1045 1843 qua
1066 1800 1176 1843 quae
1201 1786 1372 1842 illorum
1395 1800 1597 1831 versuum

210 1880 368 1921 genera
408 1869 450 1909 et
487 1865 604 1921 leges
636 1865 744 1921 sint,
786 1865 934 1923 paucis
970 1866 1162 1924 exceptis
1178 1867 1431 1910 Jrectissime
1463 1880 1596 1924 expo-

210 1944 340 1989 nitur.
390 1943 508 1998 Quae
530 1943 784 2002 Spengelius
815 1944 957 1988 minus
989 1947 1103 1988 recte
1136 1945 1300 2001 statuit,
1333 1945 1388 1988 ad
1416 1944 1496 1989 hoc
1515 1958 1594 2002 po-

210 2023 428 2067 tissimum
459 2023 686 2068 referenda
718 2026 839 2080 sunt,
871 2023 983 2080 quod
1014 2023 1060 2067 in
1093 2024 1341 2081 quaestione
1372 2038 1452 2068 sua
1481 2024 1596 2067 intra

208 2116 362 2147 novem
395 2116 420 2146 a
450 2101 682 2146 Ritschelio
721 2102 935 2146 editarum
974 2101 1218 2147 fabularum
1254 2101 1361 2147 fines
1399 2117 1444 2147 se
1475 2116 1594 2147 coer-

209 2174 319 2239 cuit,
359 2196 444 2239 qua
473 2195 521 2226 re
552 2180 646 2225 fieri
677 2195 763 2225 non
794 2182 959 2239 potuit,
1004 2182 1076 2239 qui
1110 2196 1206 2226 eum
1238 2182 1443 2226 nonnulla
1473 2183 1593 2237 fuge-

208 2264 317 2306 rent.
380 2260 594 2319 Equidem
633 2274 730 2306 cum
769 2260 946 2305 canticis
977 2259 1190 2306 Plautinis
1223 2275 1397 2321 operam
1430 2261 1593 2319 darem,

208 2344 258 2384 ut
289 2340 489 2385 auderem
523 2341 654 2384 etiam
686 2340 739 2384 ad
770 2340 958 2397 reliquas
990 2340 1109 2385 adire
1132 2341 1314 2398 fabulas,
1346 2342 1506 2385 factum
1528 2345 1593 2384 est

208 2419 368 2476 insigni
408 2418 575 2463 Alfredi
618 2417 884 2464 Fleckeiseni
923 2418 1203 2478 liberalitate,
1241 2421 1315 2478 qui
1352 2420 1457 2463 mihi
1495 2433 1592 2464 meo

208 2496 362 2555 rogatu
400 2498 572 2543 illarum
611 2502 784 2557 praeter
813 2498 1052 2543 Rudentem
1084 2500 1273 2544 omnium
1307 2513 1399 2543 eam
1420 2498 1461 2541 -V
1463 2500 1592 2543 eteris

209 2578 494 2635 collationem,
516 2577 580 2622 de
613 2592 696 2635 qua
726 2578 772 2622 in
805 2578 1013 2637 epistulae
1040 2579 1213 2623 criticae
1235 2578 1289 2622 ad
1310 2577 1591 2623 Ritschelium
