1848 3081
866 176 924 219 89

205 293 402 340 trametri
432 296 514 338 cat.
537 293 769 339 acatalecto
790 294 1031 352 praemissi,
1064 307 1172 351 quae
1191 295 1242 339 R.
1264 294 1390 340 Most.
1408 296 1496 339 313
1520 310 1582 353 sq.

423 366 638 416 Advorsum
663 370 783 408 veniri
810 368 901 407 mihi
926 369 974 407 ad
999 369 1268 408 Philolachem.

422 424 519 466 Volo
542 428 726 477 temperlo
750 427 856 467 audi:
880 428 968 466 hem
992 429 1101 467 tibist
1124 430 1348 477 imperatum

204 496 248 538 et
274 490 359 536 731
395 490 566 535 statuit:

419 557 547 598 Vitam
573 561 711 599 colitis.
748 561 866 599 Immo
890 561 971 598 vita
994 561 1154 598 antehac
1180 565 1279 598 erat:

419 620 529 659 Nunc
553 620 664 658 nobis
689 621 842 668 [simitu]
870 621 996 659 omnia
1019 621 1114 659 haec
1139 621 1371 671 exciderunt,

202 701 384 747 quorum
422 685 614 732 locorum
651 686 725 733 ille
765 701 861 732 mea
902 689 1074 746 quidem
1115 690 1326 732 sententia
1356 690 1498 746 potius
1530 705 1582 733 ex

201 767 367 812 duobus
403 767 598 812 versibus
637 779 691 812 ex
730 767 770 812 b.
804 767 986 812 dimetro
1026 772 1070 812 et
1107 767 1237 812 iamb.
1276 768 1462 825 tripodia
1500 772 1581 811 cat.

201 845 448 903 compositis
479 849 667 890 constat:

416 921 632 959 Adversum
656 921 780 960 veniri
805 921 897 959 mihi
921 922 970 959 ad
994 920 1252 959 Philolachem

417 981 513 1019 Volo
538 982 722 1029 temperio
746 982 853 1019 audi:
879 981 966 1019 hem
992 982 1062 1018 tibi
1087 982 1349 1028 imperatumst
1375 981 1445 1025 (sic
1461 981 1582 1029 libri);

199 1042 376 1087 alterius
423 1043 505 1088 loci
552 1048 601 1088 ut
640 1044 854 1102 posterior
893 1058 1043 1089 versus
1083 1043 1316 1088 secundum
1355 1043 1486 1088 libros
1527 1058 1580 1088 ex

198 1125 301 1165 cret.
334 1121 517 1166 dimetro
550 1126 593 1167 et
624 1123 759 1167 troch.
791 1126 1058 1167 monometro
1091 1123 1352 1180 compositus
1385 1127 1450 1166 est

510 1198 620 1236 Nunc
647 1198 758 1236 nobis
783 1199 910 1236 omnia
933 1198 1028 1236 haec
1052 1198 1285 1244 exciderunt,

196 1267 258 1310 ita
287 1266 477 1324 priorem
508 1280 563 1311 ex
593 1267 728 1312 troch.
750 1267 938 1325 tripodia
968 1270 1049 1311 cat.
1073 1270 1116 1311 et
1147 1271 1250 1310 cret.
1273 1267 1454 1310 dimetro
1476 1280 1578 1310 con-

197 1347 312 1388 stare
353 1357 482 1401 quam
520 1345 665 1390 bacch.
697 1348 995 1390 tetrametrum
1035 1348 1117 1389 cat.
1149 1358 1241 1389 esse
1271 1343 1472 1387 Plautum
1502 1358 1578 1388 vo-

195 1422 328 1467 luisse
359 1422 636 1467 verisimilius
668 1427 747 1468 est.

285 1500 353 1545 De
383 1499 671 1546 Mostellariae
701 1502 794 1546 loco
816 1503 907 1546 344
928 1516 1008 1559 sq.,
1040 1502 1114 1547 ubi
1146 1501 1195 1545 R.
1222 1501 1418 1545 trimetro
1451 1501 1491 1546 b.
1514 1515 1577 1545 ac.

193 1582 492 1624 tetrametrum
508 1583 590 1624 cat.
609 1581 844 1636 subiunxit,
866 1581 953 1624 iam
970 1593 1101 1637 supra
1117 1580 1277 1623 dictum
1296 1584 1362 1624 est
1378 1579 1447 1632 (ΙΙ.
1463 1580 1505 1624 2.
1518 1581 1578 1635 3),

194 1658 305 1702 sicut
336 1658 390 1703 de
419 1657 620 1704 Pseudoli
655 1660 787 1715 1107,
819 1658 891 1703 ubi
923 1659 1171 1703 hexametro
1204 1672 1267 1702 ac.
1301 1657 1350 1712 (Ι.
1377 1660 1433 1713 7).

284 1737 326 1780 2.
368 1735 476 1780 Cum
512 1750 597 1781 non
630 1737 867 1781 bacchiacis
898 1737 1049 1780 metris
1081 1737 1208 1793 idque
1241 1736 1482 1793 complures
1514 1741 1577 1780 te-

191 1817 421 1859 trametros
460 1818 542 1859 cat.
581 1828 666 1859 uno
711 1818 880 1859 tantum
927 1815 1018 1859 loco
1062 1815 1107 1858 in
1154 1814 1276 1859 libris
1314 1816 1577 1860 consociatos

192 1893 364 1952 repperi
396 1892 500 1937 Gist.
522 1892 594 1937 IV.
618 1894 660 1938 2.
685 1894 743 1938 24
765 1907 828 1951 sq.

386 1970 462 2008 Sed
486 1973 626 2008 memet
648 1980 772 2008 moror
797 1980 911 2017 quom
937 1968 1009 2006 hoc
1033 1979 1106 2016 ago
1131 1970 1272 2007 secius:
1290 1971 1308 2016 ΙΙ

385 2031 538 2069 Halisca
560 2027 634 2068 hoc
658 2040 730 2077 age
755 2030 963 2067 id⁴terram
988 2029 1141 2075 adspice
1167 2033 1206 2066 et
1230 2030 1386 2077 dispice,

383 2090 512 2129 Oculis
536 2091 770 2139 investigans
794 2093 919 2129 astute
942 2099 1098 2137 augura.
1115 2090 1133 2136 ΙΙ

189 2159 419 2205 Praeterea
448 2159 499 2204 R.
531 2173 658 2204 usum
688 2162 988 2204 tetrametrum
1019 2161 1100 2202 cat.
1134 2158 1247 2202 inter
1277 2160 1457 2203 creticos
1480 2174 1575 2203 ver-

191 2252 264 2283 sus
295 2238 519 2283 collocavit
548 2237 703 2282 Pseud.
725 2237 856 2293 1115,
890 2236 965 2280 sed
995 2239 1168 2294 praeter
1191 2237 1397 2281 librorum
1430 2237 1573 2294 fidem,

190 2317 345 2374 quihus
376 2317 554 2362 ducibus
583 2316 703 2361 locus
734 2314 833 2360 inde
855 2328 881 2358 a
900 2329 1029 2359 versu
1055 2316 1166 2359 1111
1194 2316 1256 2360 sic
1276 2316 1447 2360 videtur
1468 2317 1572 2360 scri-

189 2395 353 2440 bendus
386 2409 500 2440 esse:

238 2472 331 2509 Cum
356 2471 417 2509 his
441 2470 534 2508 mihi
558 2481 629 2509 nec
653 2472 759 2509 locus
783 2480 853 2507 nec
878 2480 1000 2506 sermo
1027 2470 1093 2514 (cr.
1115 2470 1231 2514 trim.)

238 2532 426 2570 Convenit
448 2542 572 2578 neque
595 2542 775 2578 umquam
800 2530 856 2568 eis
904 2530 1051 2568 Nobilis
1076 2530 1131 2567 fui
1156 2541 1238 2577 ego,
1264 2533 1308 2567 ut
1332 2530 1423 2566 mihi

1156 2590 1209 2635 (ΙΙ
1225 2589 1346 2628 troch.
1365 2590 1454 2626 dim.
1472 2600 1522 2635 c.)
