1848 3081
941 176 1000 220 84

490 294 647 340 Expetit
670 304 741 340 me,
767 297 811 331 ut
835 292 884 331 ad
909 303 993 331 sese
1018 293 1125 331 irem.
1141 294 1162 340 n
1189 294 1325 339 (troch.
1342 294 1432 333 dim.
1450 295 1501 338 c.)

320 354 399 392 Nec
427 354 520 401 quid
544 354 584 391 id
609 354 660 391 sit
684 354 776 391 mihi
802 354 944 391 certius
968 353 1072 400 facit,
1094 354 1113 400 ΙΙ
1142 356 1209 399 (cr.
1227 355 1320 393 dim.
1335 365 1421 393 cnm
1437 358 1485 392 tr.
1501 354 1589 401 trip.
1608 355 1658 398 c.)

489 415 589 459 Quid
615 415 719 461 velit,
744 415 837 461 quid
862 425 922 452 me
946 417 1126 452 arcessat.
1142 415 1162 460 ΙΙ
1188 417 1249 459 (tt.
1266 416 1356 461 trip.
1371 418 1446 461 ac.)

271 482 337 537 (R.
370 482 643 527 hexametros
675 483 821 527 bacch.
856 496 942 527 non
974 482 1066 527 sine
1098 483 1140 527 vi
1172 483 1475 538 concinnavit.)
1537 481 1660 535 Quod

270 562 349 605 hoc
381 575 531 605 versus
563 563 757 618 sequitur
783 562 973 619 systema
993 561 1155 618 bacch„
1186 565 1333 605 utrum
1354 561 1500 606 bacch.
1523 561 1659 606 dime-

269 644 352 696 tro,
373 640 418 683 id
440 640 553 697 quod
574 639 624 683 R.
635 640 743 696 vult,
766 653 821 683 an
841 639 970 684 iamb.
984 639 1086 684 dim.
1099 642 1180 684 cat.
1203 639 1443 697 claudatur,
1465 639 1658 695 dignosci

268 732 353 763 non
394 721 558 776 potest,
597 731 695 763 cum
727 731 877 764 versus
909 719 997 764 774
1037 721 1265 776 utramque
1303 730 1551 768 mensuram
1582 717 1658 765 ad-

268 798 428 841 mittat.

359 877 403 919 4.
450 874 563 919 Aliis
602 878 840 920 metrorum
878 874 1105 931 generibus
1137 874 1177 920 b.
1211 875 1393 921 dimeter
1424 876 1529 921 satis
1560 889 1657 920 raro

268 955 601 1010 intermiscetur,
633 954 761 1010 idque
791 955 865 998 vix
897 954 1024 999 aliter
1055 968 1185 1011 quam
1215 955 1261 999 in
1293 955 1476 999 aliorum
1512 954 1656 999 bacch.

267 1046 471 1078 versuum
503 1032 723 1076 vicinitate
755 1033 840 1089 ita,
878 1036 925 1076 ut
956 1046 1054 1077 cum
1084 1033 1280 1078 iambicis
1312 1033 1526 1081 coniuncti
1557 1033 1657 1080 sint.

268 1114 320 1156 cf.
361 1111 474 1155 Men.
508 1112 595 1155 581
626 1125 689 1167 sq.
731 1112 819 1155 975
861 1111 1085 1170 (Spengel.
1125 1125 1169 1169 p.
1207 1113 1285 1166 13)
1325 1111 1448 1169 Capt.
1480 1112 1570 1158 508
1593 1125 1657 1169 sq.

267 1190 397 1235 Poen.
425 1192 464 1233 1.
488 1191 530 1233 2.
553 1189 614 1233 40
636 1202 699 1246 sq.
734 1189 804 1244 (cf.
837 1188 890 1233 II.
915 1190 957 1234 3.
981 1190 1022 1233 2.
1051 1189 1106 1244 l).
1140 1188 1236 1234 Cas.
1259 1188 1332 1236 IV.
1354 1192 1397 1234 4.
1421 1190 1448 1234 9
1472 1203 1535 1250 sq.

365 1268 408 1304 Id
433 1269 631 1313 quaerunt,
657 1266 801 1312 volunt,
827 1266 921 1303 haec
948 1269 991 1302 ut
1015 1265 1158 1304 infecta
1182 1264 1336 1304 faciant.
1352 1266 1371 1312 ΙΙ
1399 1265 1451 1312 (b.
1469 1268 1572 1311 tctr.)

316 1328 400 1374 Age
413 1325 598 1375 Olympio,
616 1325 767 1372 quando
780 1325 848 1371 vis,
867 1335 1022 1364 uxorem
1034 1325 1166 1373 accipe
1178 1324 1276 1363 hanc
1288 1338 1311 1365 a
1324 1325 1445 1367 nobis.
1462 1326 1480 1372 ΙΙ
1498 1325 1657 1372 (i.sept.)

560 1386 658 1422 Date
684 1395 786 1433 ergo,
811 1385 967 1423 daturae
993 1386 1045 1430 (b.
1063 1386 1169 1430 dim.)

486 1445 527 1483 Si
551 1456 729 1492 umquam
755 1445 849 1482 estis
873 1445 987 1483 hodie
1012 1456 1180 1483 uxorem.
1210 1445 1251 1491 (i.
1268 1445 1358 1486 dim.
1377 1448 1425 1490 c.)

267 1515 375 1558 Rud.
399 1513 431 1557 Ι.
456 1515 497 1557 3.
525 1515 581 1558 10
603 1527 666 1570 sq.

315 1592 411 1627 Tum
426 1589 498 1626 hoc
517 1590 567 1625 mi
586 1589 773 1634 indecore,
792 1589 931 1636 inique,
950 1589 1173 1628 immodeste
1188 1590 1208 1640 11
1224 1590 1499 1637 (i.trip.c.cum
1507 1590 1543 1634 b.
1552 1590 1656 1637 dim.)

315 1650 412 1687 Dati'
440 1650 496 1686 di:
522 1661 607 1686 nam
635 1649 727 1696 quid
753 1649 947 1686 habebunt
972 1650 1045 1686 sibi
1071 1650 1249 1697 (insigne)
1275 1650 1382 1696 impii
1398 1651 1416 1697 ΙΙ
1445 1651 1485 1696 (i.
1503 1653 1599 1697 sen.)

314 1709 490 1755 Posthac,
517 1710 549 1746 si
575 1709 623 1746 ad
649 1709 750 1745 hunc
777 1709 967 1746 modumst
990 1710 1155 1747 innoxiis
1178 1709 1299 1747 honos
1314 1711 1333 1757 ΙΙ

488 1770 603 1816 Apud
629 1781 717 1807 vos:
745 1782 830 1807 nam
858 1782 917 1807 me
944 1770 974 1806 si
1000 1771 1116 1807 sciam
1143 1771 1183 1815 (i.
1201 1771 1291 1808 dim.
1309 1774 1383 1816 ac.)

559 1830 711 1866 Fecisse
728 1830 745 1876 ΙΙ
761 1834 827 1866 aut
851 1833 1028 1877 parentes
1053 1830 1105 1877 (b.
1123 1830 1230 1875 dim.)

559 1889 727 1927 Sceleste
753 1890 877 1927 minus
903 1901 962 1927 me
987 1891 1152 1936 miseret.
1185 1891 1223 1937 (i.
1242 1890 1333 1930 dim.
1351 1885 1427 1937 c.)'

587 2002 630 2045 4.
683 2001 754 2046 De
785 2001 1055 2048 hexametro
1089 2001 1244 2047 bacch.
1269 2016 1338 2049 ac·

357 2092 449 2136 Hoc
481 2095 618 2136 metro
648 2105 908 2148 quamquam
930 2091 1109 2136 Plautus
1131 2092 1266 2136 multo
1287 2092 1427 2135 rarius
1448 2106 1552 2136 usus
1574 2097 1654 2148 est,

265 2184 394 2227 quam
434 2169 667 2214 Ritschelio
708 2173 773 2214 est
812 2170 950 2214 visum
965 2204 977 2227 ‚
1017 2174 1162 2215 tamen
1202 2184 1328 2215 usum
1368 2183 1461 2215 esse
1497 2168 1654 2217 Persae

265 2263 414 2292 versus
446 2250 534 2292 497
569 2253 611 2293 et
642 2250 734 2293 500
766 2250 981 2306 evincunt,
1015 2250 1088 2306 qui
1120 2249 1265 2294 bacch.
1299 2248 1538 2293 hexametri
1566 2263 1653 2294 non

265 2341 358 2372 esse
390 2341 475 2372 non
507 2331 706 2386 possunt:

362 2405 535 2442 Tabellas
561 2408 648 2442 tene
674 2404 753 2450 has,
779 2405 938 2453 pellege.
978 2406 1059 2443 Hae
1085 2404 1177 2451 quid
1203 2404 1248 2441 ad
1275 2415 1344 2442 me.
1396 2406 1515 2444 Immo
1540 2406 1589 2444 ad
1614 2409 1653 2445 te

1069 2465 1243 2504 adtinent
1266 2469 1306 2503 ct
1328 2469 1397 2504 tua
1420 2465 1547 2505 reffert.

362 2526 464 2562 Cedo
496 2537 587 2563 sanc
621 2526 683 2563 mi.
733 2517 787 2563 At
819 2526 919 2565 clare
945 2526 1115 2564 recitato.
1161 2525 1262 2564 Tace
1288 2526 1378 2565 dum
1403 2527 1553 2575 pellego
1577 2526 1652 2565 hau

1066 2586 1223 2625 verbum
1248 2585 1397 2625 faciam.
