1848 3081
797 159 928 223 -37
958 220 1007 222 ff.

211 279 365 325 Pseud.
390 279 493 323 593.

261 354 383 392 Lubet
406 353 514 401 scire,
540 353 602 391 hic
627 354 720 401 quid
742 353 889 391 venerit
913 363 999 391 cum
1024 354 1236 392 machaera:

306 415 357 451 Et
382 413 482 471 hinc,
508 425 619 461 quam
645 425 723 451 rem
748 417 847 460 agat,
872 413 962 450 huic
987 414 1085 450 dabo
1106 414 1274 482 insidias.
1304 414 1354 457 (b.
1372 414 1488 482 trim.)
1540 423 1551 514 ξ
1572 445 1590 480 ‘?

307 475 357 511 Et
372 473 471 521 hinc,
494 485 606 522 quam
624 485 701 512 rem
720 477 810 523 agat
825 473 914 511 huic
929 474 1028 512 dabo
1043 474 1211 511 insidias.
1236 476 1358 521 (anap.
1371 473 1461 511 dim.
1474 474 1522 519 c.)

170 539 178 548 ⁸
209 548 363 593 Pseud.
392 550 509 592 1130
530 562 593 605 sq.

256 624 394 662 Malum
420 624 522 671 quod
547 623 618 662 tibi
643 624 682 662 di
707 624 868 662 dabunt:
894 624 949 661 sic
974 624 1168 662 scelestus.
1200 624 1252 670 (b.
1269 626 1372 670 tetr.)

304 685 435 722 Venus
460 685 512 721 mi
536 685 631 722 haec
656 685 757 722 bona
781 685 856 731 dat,
883 695 996 731 quom
1021 684 1090 721 hos
1113 684 1188 721 huc
1209 684 1330 731 adigit
1355 685 1406 730 (b.
1419 685 1521 732 trip.)

306 745 427 783 Venu’
453 745 504 782 mi
530 744 624 783 haec
648 745 749 783 bona
774 745 849 792 dat,
876 755 990 792 quom
1014 744 1084 782 hos
1109 744 1183 781 huc
1208 745 1329 792 adigit
1536 689 1550 847 ξ
1571 746 1590 782 ¹?

861 806 895 850 (?
914 817 1024 852 anap.
1040 806 1130 842 dim.
1148 816 1180 842 a.
1200 816 1248 843 an
1263 809 1309 842 tr.
1327 806 1417 842 dim.
1434 808 1484 851 a.)

253 865 477 913 Lucrifugas
493 865 792 913 damnicupidos‚
819 866 884 913 qui
901 876 943 903 se
960 876 1140 913 suamque
1157 868 1318 903 aetatem
1335 865 1432 903 bene
1446 869 1589 913 curant,

1297 926 1429 971 (troch.
1451 928 1540 972 oct.)

300 986 438 1033 Edunt,
465 986 611 1033 bibunt,
639 989 870 1034 scortantur3
896 986 968 1023 alio
994 989 1082 1024 sunt
1106 986 1160 1023 illi
1185 987 1337 1034 ingenio
1363 990 1476 1033 atque
1500 990 1552 1023 tu.

1350 1049 1408 1093 (tr.
1428 1048 1539 1094 sept.)

420 1096 480 1132 Me
504 1106 604 1132 nunc
630 1106 851 1141 commoror,
878 1097 938 1141 (tr.
955 1096 1043 1142 trip.
1061 1099 1109 1141 c.)

251 1154 370 1200 Quom
396 1153 464 1192 has
489 1154 581 1193 foris
606 1166 682 1193 non
707 1154 810 1202 ferio,
836 1159 879 1193 ut
903 1156 1031 1203 sciam,
1105 1155 1211 1193 Sitne
1237 1155 1355 1194 Ballio
1381 1156 1494 1203 domi,

1163 1217 1215 1260 (II
1231 1217 1351 1254 troch.
1368 1217 1458 1253 dim.
1477 1218 1538 1262 c.),

203 1297 384 1340 quorum
405 1296 606 1327 versuum
640 1283 849 1328 secundus
882 1284 919 1327 si
950 1284 1085 1328 trooh.
1108 1284 1209 1327 dim.
1233 1297 1295 1327 ao.
1330 1288 1408 1340 est,
1441 1298 1467 1328 a
1486 1285 1585 1329 bac-

202 1362 358 1406 chiacis
398 1361 451 1405 ad
492 1364 739 1419 sequentem
771 1362 906 1406 110011.
938 1363 1203 1407 octonarium
1234 1363 1398 1420 pariter
1429 1364 1585 1407 transi-

202 1444 295 1485 tum
326 1441 430 1485 facit
462 1443 590 1498 atque
621 1440 739 1485 Pers.
763 1442 866 1486 818.

418 1517 498 1554 Iam
522 1517 596 1554 iam
621 1518 829 1565 Paegnium
854 1518 904 1555 da
927 1528 1083 1564 pausam

249 1577 326 1622 (R.:
416 1577 495 1615 Iam
521 1578 595 1615 iam
621 1578 829 1626 Paegnium
853 1578 902 1615 da
925 1589 1080 1625 pausam
1109 1579 1232 1625 [parce
1258 1579 1437 1627 miseroD.

199 1657 399 1702 Fortasse
437 1660 566 1703 etiam
597 1660 642 1703 in
674 1660 754 1704 1100
783 1659 991 1704 Rudentis
1022 1659 1113 1704 1000
1145 1661 1233 1704 202
1256 1674 1318 1716 sq.
1353 1659 1409 1714 (Ι.
1433 1661 1474 1704 3.
1502 1661 1581 1715 15)

197 1737 393 1781 trimeter
423 1737 568 1782 bacch.
600 1737 727 1781 latet:

244 1812 320 1850 Sed
345 1813 436 1850 erile
460 1814 583 1850 scelus
608 1823 668 1850 me
695 1813 882 1859 sollicitat,
908 1813 990 1850 eius
1015 1824 1075 1850 me
1100 1813 1275 1859 impietas
1299 1814 1396 1851 male
1416 1813 1434 1862 ΙΙ
1454 1814 1580 1852 habet.

1277 1876 1399 1920 (anap.
1418 1878 1531 1921 sept.)

293 1933 331 1970 Is
356 1943 490 1970 navem
515 1936 629 1980 atque
655 1933 780 1970 omnia
804 1933 970 1979 perdidit
994 1934 1033 1969 in
1058 1934 1162 1970 mari.
1191 1932 1208 1981 ΙΙ
1237 1935 1304 1978 (cr.
1321 1936 1424 1979 tetr.)

344 1993 447 2030 Haec
473 1993 657 2031 bonorum
683 1993 766 2030 eius
791 1996 879 2030 sunt
903 1993 1093 2040 reliquiae.
1121 1994 1225 2038 (cret.
1244 1994 1360 2039 trim.)

346 2082 355 2085 -
389 2054 513 2091 Etiam
538 2064 636 2101 quae
661 2055 780 2091 semul
807 2054 824 2101 ΙΙ
854 2056 914 2099 (tr.
932 2054 1018 2101 trip.
1038 2056 1086 2099 o.)

341 2114 461 2151 Vecta
486 2125 632 2151 mecum
658 2115 697 2151 in
722 2114 909 2161 scaphast‚
935 2114 1094 2152 excidit:
1121 2115 1187 2160 (cr.
1201 2115 1317 2161 trim.)

388 2172 597 2222 Ego’nuno
622 2175 703 2213 sola
728 2185 823 2213 sum.
852 2175 870 2223 ΙΙ
899 2177 959 2220 (tr.
978 2175 1065 2223 trip.
1083 2178 1132 2221 c.)

291 2235 396 2279 Quae
421 2236 454 2273 si
478 2235 570 2272 mihi
595 2235 693 2273 foret
718 2236 821 2272 salva
846 2236 980 2273 saltem
1005 2236 1119 2281 labor,
1147 2235 1166 2283 ΙΙ

970 2297 1030 2340 (tr.
1048 2296 1135 2342 trip.
1154 2305 1188 2332 c.
1206 2305 1292 2332 cum
1313 2298 1404 2333 oret.
1423 2296 1528 2341 dim.)
1601 2304 1605 2307 “

338 2356 476 2393 Lenior
499 2359 601 2394 esset
624 2356 687 2393 hic
712 2357 763 2393 mi
787 2356 869 2393 eius
892 2367 1016 2402 opera.
1044 2356 1063 2404 ΙΙ
1092 2359 1157 2401 (cr.
1177 2359 1262 2393 tetr.
1282 2367 1315 2393 c.
1332 2357 1371 2392 in
1389 2358 1487 2404 syll.)

290 2416 399 2453 Nunc
425 2426 538 2463 quam
564 2427 669 2463 spem
695 2419 761 2453 aut
785 2426 894 2463 opem
920 2419 986 2452 aut
1010 2417 1145 2453 consili
1170 2417 1262 2463 quid
1287 2427 1491 2463 capessam,
1520 2417 1539 2466 ΙΙ

1355 2478 1406 2522 (1).
1425 2480 1527 2523 tetr.)

483 2537 541 2573 Ita
566 2536 627 2573 11ῑο
652 2537 743 2574 solis
768 2537 861 2574 locis
885 2537 1118 2583 compotita?
1145 2537 1163 2585 ΙΙ
1192 2537 1242 2582 (1).
1258 2537 1374 2583 trim.)

243 2595 316 2633 Hic
339 2606 431 2635 saxa
455 2600 554 2645 sunt,
580 2597 642 2636 hic
666 2609 769 2636 mare
793 2601 912 2646 sonat,
938 2608 1009 2636 nec
1033 2598 1230 2645 quisquam
1258 2597 1275 2646 ΙΙ
1297 2598 1410 2636 110ωο
1435 2599 1487 2636 mi
1512 2600 1576 2638 ob-

988 2659 1088 2696 viam
1113 2659 1219 2697 venit
1245 2658 1284 2708 ΙΙε
1312 2659 1353 2705 (ἰ.
1370 2662 1461 2706 oct.)
