1848 3081
933 166 960 207 9

255 282 395 338 cundo
424 281 477 326 H.
503 284 544 325 1.
567 284 617 338 3,
643 267 708 326 'de
739 283 1006 341 paenultimo
1036 284 1116 338 IV;
1154 284 1414 330 Bacchidum
1445 286 1579 341 locus,
1616 299 1639 329 e

257 355 422 399 duabus
453 355 587 399 troch.
612 355 809 414 tripodiis
842 359 924 399 cat.
955 359 1149 401 constare
1181 357 1371 402 videtur:

450 427 502 468 Ut
526 428 773 478 quaecunque
799 441 859 468 res
958 430 1027 478 Sit,
1054 432 1217 469 animum
1243 434 1297 470 ita
1320 433 1468 471 habeat.

254 499 454 546 Pseudoli
477 499 731 559 Spengelius
762 496 839 545 121.
861 514 904 559 p.
923 501 979 545 27
1003 501 1082 546 hoc
1106 502 1232 546 modo
1255 503 1460 562 scriptum
1482 503 1636 547 voluit:

303 576 434 626 Neque
459 577 513 614 ibi
539 587 623 615 esse
648 576 763 617 alium
790 576 864 613 alio
890 576 976 613 odio
1002 587 1073 614 nec
1097 578 1294 615 molestum
1316 589 1386 615 nec
1403 579 1638 616 sermonibus

1323 639 1456 685 (troch.
1474 641 1588 686 sept.)

652 685 856 733 Horologis
880 686 936 722 uti
962 687 1068 732 (cret.
1083 686 1171 723 dim.
1191 690 1240 732 c.)

252 752 695 810 proceleusmaticum,
727 755 800 811 qui
821 754 1011 798 trochaei
1031 754 1124 798 loco
1148 758 1248 809 stat,
1277 756 1323 798 in
1343 755 1477 799 troch.
1496 759 1637 812 septe-

252 832 373 876 nario
389 832 593 876 vitiosum
612 846 705 877 esse
721 846 808 876 non
825 833 1012 877 sentiens
1026 850 1036 886 ;
1056 833 1237 877 fortasse
1248 832 1427 877 Plautus
1445 833 1636 891 scripsit:

470 908 602 955 Neque
624 918 711 946 esso
737 908 851 945 alium
877 908 941 945 alii
966 908 1021 946 ibi
1040 909 1133 946 'odio
1160 908 1289 953 (iamb.
1309 908 1400 945 dim.
1419 913 1467 953 c.)

519 968 599 1006 Nec
623 969 822 1006 molestum
848 979 920 1006 nec
945 969 1182 1006 sermonibus
1207 970 1313 1013 (eret.
1331 969 1446 1013 trim.)

613 1029 816 1076 Morologis
842 1029 909 1065 uti.
936 1030 1042 1074 (oret.
1062 1028 1152 1065 dim.
1171 1032 1220 1073 c.)

253 1095 371 1140 Unus
403 1095 691 1142 Mostellariae
722 1111 872 1141 versus
895 1098 983 1141 316

444 1171 502 1209 Ita
525 1183 586 1210 me
611 1173 663 1210 ibi
690 1174 784 1210 male
810 1174 961 1210 convivi
986 1174 1244 1220 sermonisque
1270 1177 1455 1211 taesumst

253 1253 278 1284 a
308 1240 430 1285 libris
462 1241 676 1297 quandam
706 1240 835 1286 fidem
867 1242 1017 1295 habet3
1050 1242 1125 1286 sed
1150 1255 1203 1286 ne
1225 1242 1304 1286 hoc
1326 1242 1498 1298 quidem
1518 1242 1635 1285 illius

251 1319 580 1376 proceleusmati
618 1320 863 1377 exemplum
905 1324 1070 1364 certum
1108 1324 1194 1376 est,
1235 1334 1329 1364 cum
1371 1320 1489 1363 locus
1526 1321 1636 1363 hanc

254 1409 420 1453 quoque
452 1397 652 1441 admittat
673 1411 948 1442 mensuram:
1297 1446 1309 1453 ,

567 1473 626 1510 Ita
649 1475 707 1509 me
733 1473 787 1510 ibi
812 1473 909 1510 male
934 1473 1086 1510 convivi
1114 1473 1160 1518 (i.
1181 1473 1270 1510 dim.
1289 1475 1338 1517 c.)

640 1533 905 1581 Sermonisque
929 1536 1112 1571 taesumst
1138 1533 1195 1578 (b.
1214 1533 1333 1579 dim),

254 1614 362 1656 quae
404 1601 441 1644 si
480 1615 582 1645 vera
621 1606 708 1659 est,
756 1604 1077 1648 antecedentem
1119 1616 1289 1646 versum
1327 1601 1505 1646 Plautus
1546 1603 1635 1646 sine

253 1678 381 1724 dubio
412 1680 640 1726 iambicum
674 1696 767 1727 esse
798 1683 953 1727 voluit:

564 1756 659 1792 Nam
684 1757 736 1793 illi
762 1758 827 1794 ubi
852 1757 909 1794 fui
934 1758 1022 1794 inde
1048 1756 1168 1803 effugi
1194 1756 1305 1794 foras.

345 1825 387 1869 3.
425 1823 798 1870 Proceleusmatici
839 1829 981 1870 autem
1014 1826 1145 1870 etiam
1177 1826 1389 1881 existunt,
1431 1826 1466 1869 si
1498 1826 1634 1870 conti-

252 1916 434 1958 guorum
454 1904 724 1948 bacchiorum
745 1904 1038 1962 praecedentis
1060 1904 1227 1960 ultima,
1256 1904 1472 1960 sequentis
1493 1905 1635 1960 prima

253 1982 448 2039 solvitur,
471 1983 618 2040 quales
638 1984 1040 2041 proceleusmaticos
1061 1982 1238 2027 Plautus
1259 1983 1422 2041 pariter
1444 1984 1632 2026 evitavit.

252 2060 364 2105 Nam
402 2074 511 2118 quae
549 2061 746 2119 exempla
778 2062 892 2120 apud
922 2061 987 2106 Fl.
1021 2065 1063 2106 et
1093 2061 1142 2106 R.
1175 2061 1399 2118 leguntur,
1437 2061 1632 2105 incertis-

253 2140 363 2183 sima
395 2144 515 2183 sunt:

283 2217 442 2275 Amph.
464 2218 567 2262 579.
606 2221 712 2260 Satin
738 2223 877 2260 diserte
903 2223 956 2267 (ἔ)
983 2234 1082 2269 esse,
1112 2233 1193 2269 ere,
1219 2222 1352 2259 videor
1375 2222 1446 2260 tibi
1470 2223 1631 2260 locutus.

282 2289 435 2334 Bacch.
453 2291 556 2334 617.
604 2295 701 2339 Quoi
727 2295 766 2332 di
791 2295 887 2333 bene
913 2294 1055 2332 faciant
1079 2305 1149 2332 nec
1175 2306 1286 2341 quem
1312 2295 1424 2332 homo
1449 2299 1514 2332 aut
1533 2299 1633 2332 amet

1052 2359 1118 2393 aut
1142 2356 1265 2393 adeat.

282 2410 407 2455 Most.
427 2412 528 2455 319.
606 2416 754 2463 Ecquid
778 2416 849 2453 tibi
873 2415 1005 2452 videor
1031 2416 1324 2453 mamamadere:

252 2482 305 2527 de
326 2483 466 2541 primo
487 2483 580 2528 loco
609 2484 662 2528 cf.
680 2483 713 2528 L
735 2486 776 2541 7,
808 2485 860 2528 de
882 2484 1008 2527 tertio
1025 2483 1077 2527 Π.
1099 2486 1137 2527 1.
1160 2486 1200 2540 1,
1232 2483 1491 2527 Bacchidum
1511 2483 1633 2528 libris

252 2555 430 2600 ducibus
462 2558 523 2601 sic
553 2558 711 2615 potius,
743 2562 792 2601 ut
822 2557 1006 2614 videtur,
1040 2557 1286 2601 scribendus
1319 2560 1403 2600 est:
