1848 3081
926 162 981 206 18

252 282 295 323 et
325 277 483 324 Persae
517 280 596 325 hoc
629 280 781 325 modo:

299 355 398 393 Vide
422 355 512 393 hoc:
543 367 639 403 quae
664 356 758 394 haec
783 355 974 394 fabulast?
999 357 1062 404 pol
1079 355 1140 394 hic
1158 357 1310 405 quidem
1331 361 1482 405 potant:
1508 369 1639 406 aggre-

1055 417 1149 455 diar.
1175 428 1198 456 o
1214 417 1313 458 bone
1327 419 1386 457 vir
1403 419 1535 466 (trech.
1546 422 1637 465 oct.)

298 476 449 513 Salveto
475 481 514 514 et
538 480 580 513 tu
604 477 704 514 bona
720 477 868 514 liberta.
911 478 1099 515 Dordalus
1116 477 1179 515 hic
1195 478 1396 525 quidemst.
1435 481 1533 526 Quin
1549 480 1638 517 iube

1056 537 1171 576 adire.

249 603 300 648 G.
323 604 597 650 Hermannus
618 606 685 650 El.
710 620 752 664 p.
773 608 864 651 307·
885 610 927 651 et
948 608 1036 651 295
1070 607 1147 651 hos
1179 607 1285 652 duos
1318 607 1444 652 huius
1466 608 1635 664 generis

246 686 521 729 tetrametros
555 686 726 729 statuit:
759 684 859 730 Aul.
878 685 930 730 II.
954 688 992 730 1.
1015 687 1084 731 13.

294 760 393 804 Quin
419 761 642 808 participem
667 762 808 808 pariter
833 773 905 809 ego
930 765 968 799 te
993 765 1033 799 et
1056 765 1099 799 tu
1125 772 1184 800 me
1209 766 1251 799 ut
1275 761 1392 801 facias
1419 763 1489 809 (sic
1516 762 1619 808 libri)

246 833 289 873 et
320 828 451 874 Poen.
470 829 503 874 I.
522 832 564 875 2.
585 831 611 875 8
638 845 700 888 sq.

441 906 536 944 Nam
562 917 633 944 nos
657 917 778 954 usque
803 906 851 944 ab
877 917 1013 945 aurora
1036 906 1085 945 ad
1109 906 1182 945 hoc
1207 907 1309 955 quod
1334 907 1458 955 dieist,

440 968 645 1015 Postquam
671 978 806 1005 aurora
830 967 965 1015 illuxit,
991 979 1196 1016 numquam
1222 980 1486 1008 concessamus

439 1028 498 1064 Ex
523 1029 711 1066 industria
740 1028 873 1066 ambae
898 1029 1016 1065 lavari
1040 1032 1106 1066 aut
1130 1028 1258 1067 fricari
1280 1033 1348 1067 aut
1370 1040 1441 1076 sq„

244 1115 426 1158 quorum
457 1117 661 1147 versuum
693 1104 766 1148 ille
800 1104 861 1147 sic
891 1104 1074 1147 fortasse
1105 1103 1355 1161 purgandus
1388 1107 1475 1149 est:

340 1179 439 1222 Quin
465 1180 688 1226 participem
713 1180 855 1226 pariter
879 1182 918 1216 te
944 1190 1016 1227 ego
1042 1183 1081 1217 et
1105 1183 1148 1216 tu
1175 1191 1234 1218 me
1259 1184 1304 1217 ut
1328 1180 1459 1227 facias,

241 1248 326 1291 nisi
358 1262 411 1291 ex
444 1248 610 1293 duobus
643 1263 769 1306 anap.
803 1249 1001 1306 tripodiis
1035 1262 1097 1292 ac.
1131 1251 1319 1293 constat:

338 1324 436 1368 Quin
462 1325 686 1371 participem
713 1325 854 1372 pariter
951 1325 1035 1372 Ego
1061 1328 1100 1362 te
1126 1327 1165 1363 et
1187 1328 1231 1362 tu
1256 1335 1316 1363 me
1342 1327 1385 1362 ιιι
1409 1323 1537 1373 facias,

241 1392 293 1437 de
326 1394 447 1438 cuius
489 1397 635 1439 tamen
666 1395 795 1439 metri
831 1408 912 1439 usu
944 1393 1143 1438 Plautino
1175 1407 1328 1452 parum
1362 1394 1500 1438 adhuc
1531 1407 1631 1439 con-

240 1476 354 1516 stare
388 1471 614 1527 confite0r3
647 1472 718 1517 hic
748 1472 867 1517 locus
901 1474 992 1517 sine
1026 1472 1153 1517 dubio
1185 1473 1248 1517 ita
1276 1475 1341 1517 est
1362 1473 1631 1518 scribendus:

432 1550 529 1587 Nam
555 1561 625 1587 nos
650 1561 770 1596 usque
796 1550 844 1587 ab
869 1560 1004 1587 aurora
1029 1549 1078 1586 ad
1102 1549 1185 1595 hoc,
1212 1549 1314 1597 quod
1340 1549 1453 1587 dieist

435 1610 494 1646 Ex
519 1609 705 1647 industria
730 1609 862 1647 ambae
887 1620 1093 1656 numquam
1119 1619 1394 1655 concessamus,

433 1670 569 1707 Lavari
596 1681 666 1717 sq.,

239 1752 381 1795 versu,
414 1752 541 1796 quem
572 1739 672 1783 libri
704 1739 819 1782 inter
849 1738 945 1783 illos
977 1738 1282 1796 interpositum
1313 1737 1522 1796 praebent

384 1822 589 1868 Postquam
615 1833 750 1859 aurora
775 1821 900 1858 illuxit
924 1832 1129 1868 numquam
1154 1820 1459 1859 concessavimus

237 1896 392 1953 deleto,
424 1897 547 1941 cuius
578 1910 729 1941 versus
766 1897 887 1954 prior
918 1909 1045 1954 pars:

663 1979 893 2026 „Postquam
918 1988 1055 2014 aurora
1077 1976 1225 2013 illuxit“

237 2052 274 2095 si
305 2053 451 2096 minus
484 2053 696 2107 glossema
721 2058 765 2097 at
787 2052 1078 2097 antecedentis
1100 2052 1221 2095 varia
1240 2050 1366 2096 lectio
1389 2052 1626 2109 antiquitus

235 2131 396 2174 tradita
428 2135 514 2174 est:
559 2134 741 2188 utroque
774 2132 888 2175 enim
920 2130 1070 2187 modo,
1103 2130 1192 2174 sive
1223 2142 1395 2174 versum
1427 2131 1453 2174 8
1485 2130 1547 2174 ita
1578 2133 1628 2174 ut

236 2223 367 2266 supra
401 2210 553 2254 scribis
587 2210 677 2253 sive
710 2210 791 2253 sic:

443 2291 648 2337 Postquam
673 2302 809 2328 aurora
833 2291 969 2337 illuxit,
995 2290 1043 2327 ad
1069 2288 1142 2327 hoc
1169 2289 1272 2337 quod
1296 2289 1419 2335 dieist,

234 2370 277 2410 et
316 2366 529 2409 sententia
569 2369 612 2409 et
650 2369 835 2409 metrum
874 2372 989 2409 recte
1031 2378 1076 2409 se
1114 2364 1262 2418 habet3
1303 2367 1448 2409 utrum
1480 2368 1623 2408 autem

232 2443 376 2489 Plauti
409 2445 479 2501 sit,
513 2443 706 2499 dignosci
737 2458 823 2488 non
855 2447 1011 2502 potest.

326 2525 367 2567 2.
409 2522 556 2567 Etiam
588 2523 628 2566 ei
660 2523 900 2567 tetrametri
932 2522 1095 2578 bacch.,
1128 2522 1199 2579 qui
1231 2535 1366 2565 unum
1394 2521 1520 2565 modo
1541 2535 1622 2580 pu-

232 2617 329 2646 rum
365 2603 589 2647 bacchium
621 2601 802 2658 habent,
843 2601 979 2646 multo
1011 2601 1198 2645 rariores
1230 2604 1353 2657 sunt,
1393 2614 1522 2658 quam
1555 2614 1621 2645 se-
